1859 2828
210 177 294 218 124
777 183 816 215 0.
848 181 979 213 PLINI

693 367 791 407 106.
833 364 1067 417 (LXXIV.)

447 483 486 515 C.
520 480 712 513 PLINIUS
743 478 966 512 TRAIANO
998 476 1319 510 IMPERATORI.

316 589 559 622 Callidromus
576 589 606 618 is
623 590 698 619 sent
715 591 749 618 ιο
768 586 827 618 tell
845 585 900 617 his
917 585 1127 617 adventures
1145 587 1178 615 co
1197 583 1252 615 the
1270 582 1455 622 Emperor.

268 693 516 743 Appuleius,
540 691 717 739 domine,
740 690 872 738 miles,
895 689 967 739 qui
997 692 1060 727 est
1089 687 1134 725 in
1163 687 1343 725 statione
1369 685 1559 723 Nicome-
1586 695 1603 724 1

216 764 346 811 densi,
372 763 539 813 scripsit
569 762 673 800 mihi
696 761 903 811 quendam
931 759 1098 797 nomine
1124 757 1437 804 Callidromum,
1465 768 1559 793 cum

216 834 474 873 detineretur
519 846 542 871 a
581 832 766 870 Maximo
809 836 851 869 et
890 829 1095 881 Dionysio
1134 827 1373 878 pistoribus,
1409 826 1559 875 quibus

217 918 361 956 operas
393 917 487 942 suas
523 904 742 951 locaverat,
769 901 1006 949 confugisse
1040 900 1093 938 ad
1123 903 1237 937 tuam
1263 901 1444 936 statuam
1475 908 1561 946 per-

170 987 188 1014 5
217 977 471 1025 ductumque
502 975 554 1013 ad
583 973 855 1022 magistratus
886 971 1092 1009 indicasse
1123 969 1301 1008 servisse
1337 967 1561 1017 aliquando

218 1046 393 1085 Laberio
428 1045 613 1083 Maximo
648 1048 898 1095 captumque
933 1055 958 1080 a
992 1042 1149 1090 Susago
1183 1039 1227 1077 in
1265 1038 1427 1076 Moesia
1464 1041 1505 1074 et
1539 1049 1563 1074 a

218 1116 424 1155 Decebalo
458 1115 620 1153 muneri
652 1114 825 1152 missum
864 1114 1033 1161 Pacoro,
1066 1110 1264 1149 Parthiae
1304 1108 1402 1158 regi,
1438 1106 1563 1157 pluri-

217 1189 377 1237 busque
412 1186 531 1224 annis
567 1186 610 1223 111
645 1183 877 1222 ministerio
912 1183 1000 1221 eius
1035 1181 1179 1229 fuisse,
1216 1179 1365 1217 deinde
1404 1177 1564 1226 fugisse

219 1262 344 1307 atque
381 1256 440 1294 ita
473 1256 517 1293 in
556 1254 844 1293 Nicomediam
885 1252 1136 1303 pervenisse.
1196 1250 1327 1295 Quem
1366 1261 1440 1297 ego
1478 1259 1565 1297 per·
1592 1255 1610 1283 2

155 1339 192 1367 10
220 1328 389 1365 ductum
423 1326 474 1364 ad
504 1338 580 1373 me,
612 1337 705 1362 011111
735 1323 878 1361 eadem
908 1324 1129 1367 narrasset,
1161 1318 1412 1357 mittendum
1442 1317 1493 1355 ad
1524 1321 1564 1354 te

220 1397 385 1448 putavi3
422 1396 531 1446 (111011
561 1394 686 1445 1131110
716 1394 877 1432 tardius
908 1392 1003 1440 feci,
1026 1391 1123 1429 dum
1154 1389 1318 1439 requiro
1349 1400 1564 1437 gemmam,

220 1480 345 1519 quam
376 1467 455 1505 sibi
487 1466 707 1504 habentem
734 1463 957 1512 imaginem
982 1461 1129 1499 Pacori
1156 1464 1197 1498 et
1221 1459 1371 1509 quibus
1396 1460 1566 1496 ornatus

222 1539 374 1577 fnisset
396 1537 651 1575 subtractam
673 1534 895 1572 indicabat.
955 1532 1081 1571 Volui
1111 1531 1220 1568 enim
1251 1530 1359 1568 hanc
1390 1539 1565 1578 quoque,
1595 1540 1614 1567 3

222 1609 257 1648 si
288 1608 469 1646 inveniri
494 1606 712 1658 potuisset,
736 1604 860 1643 simul
891 1603 1069 1651 mittere,
1096 1602 1204 1640 sicut
1233 1599 1441 1650 glebulam
1471 1597 1566 1636 misi

158 1693 192 1721 15
223 1692 346 1730 quam
369 1691 411 1718 se
438 1691 490 1716 ex
518 1677 716 1715 Parthico
744 1674 914 1713 metallo
944 1672 1136 1712 attulisse
1162 1671 1336 1709 dicebat.
1397 1669 1568 1718 Signata

223 1754 287 1789 est
307 1749 431 1789 anulo
452 1761 554 1797 meo,
577 1747 694 1786 cuius
715 1750 779 1785 est
800 1743 1144 1796 aposphragisma
1165 1740 1377 1792 quadriga.

663 1958 762 1997 107.
802 1953 1129 2006 (LXXXVIII.)

468 2073 506 2106 C.
538 2070 731 2104 PLINIUS
764 2068 985 2101 TRAIANO
1018 2064 1337 2098 IMPERATORI.

646 2175 821 2214 Birchday
837 2173 1155 2214 (οηῃναὺιιῖαίιόηε.

283 2285 405 2336 Opto,
455 2282 632 2328 domine,
673 2283 715 2318 et
752 2279 862 2316 1111110
902 2276 1085 2315 natalem
1129 2279 1169 2313 et
1218 2273 1419 2324 plurimos
1467 2271 1571 2310 alios
1600 2278 1615 2306 1

231 2370 355 2407 quam
386 2353 652 2392 felicissimos
684 2363 782 2397 agas
814 2352 1062 2396 aeternaque
1093 2345 1214 2383 laude
1250 2344 1464 2382 florentem
1494 2342 1572 2379 vir-

232 2427 336 2465 tutis
374 2430 469 2463 tuae
505 2422 679 2471 gloriam
718 2419 938 2458 incolumis
978 2422 1019 2455 et
1058 2416 1180 2454 fortis
1214 2415 1308 2453 aliis
1340 2426 1461 2464 snper
1491 2412 1573 2450 alia

166 2509 203 2534 20
234 2496 426 2548 operibus
458 2506 617 2542 augeas.
