1875 2812
217 954 232 981 1

215 1022 233 1039 c)

216 1039 233 1049 ..a

672 198 1017 230 EPISTULARUM
1049 198 1113 230 VI.
1140 198 1171 230 2.
1532 188 1583 229 77

680 500 867 541 LIBER
910 499 1164 541 SEXTUS.

821 641 890 680 63.
928 639 1025 690 (11.)

577 747 616 779 C.
650 746 839 778 PLINIUS
871 745 1093 778 ARRIANO
1127 746 1214 778 SUO
1246 746 1280 778 S.

552 845 622 876 lee
639 845 742 876 death
761 845 802 884 οἱ
813 830 1011 884 Reyuzus'a
1029 845 1099 875 loss
1116 847 1149 875 to
1167 843 1221 875 che
1240 843 1313 875 bar.

317 942 435 981 Soleo
459 954 540 979 11011
568 953 792 990 numquam
817 942 860 977 111
884 940 1050 978 iudiciis
1077 951 1271 990 quaerere
1292 940 1347 976 M.
1368 938 1587 987 Regulum,

262 1012 356 1050 nolo
378 1012 485 1049 0111111
515 1011 660 1057 dicere,
683 1010 927 1048 desiderare.
987 1010 1068 1048 Cur
1095 1022 1189 1058 ergo
1214 1010 1399 1058 quaero?
1456 1008 1591 1046 Habe-

262 1083 332 1120 bat
359 1081 510 1120 studiis
539 1081 747 1127 honorem,
775 1080 961 1127 timebat,
985 1079 1179 1129 pallebat,
1211 1078 1426 1126 scribebat,
1453 1090 1591 1128 quam-

262 1152 326 1190 vis
347 1164 429 1189 11011
450 1154 589 1201 posset
609 1150 798 1188 ediscere.
858 1149 966 1186 Illud
992 1149 1140 1198 ipsum,
1157 1149 1267 1198 quod
1287 1147 1450 1186 oculum
1470 1148 1590 1185 modo

263 1222 455 1259 dextrum
493 1220 613 1258 modo
652 1219 867 1257 sinistrum
905 1218 1230 1266 circumlinebat,
1266 1218 1468 1265 dextrum,
1504 1217 1538 1255 si
1567 1230 1591 1254 a
1617 1230 1635 1258 5

263 1291 452 1341 petitore,
492 1290 679 1337 alterum,
716 1289 750 1327 si
789 1301 812 1326 a
851 1300 1083 1338 possessore
1122 1291 1232 1326 esset
1269 1291 1446 1334 acturus,
1481 1286 1591 1336 quod

263 1361 485 1399 candidum
534 1359 739 1409 splenium
788 1359 829 1395 in
869 1358 944 1396 hoc
983 1362 1053 1396 aut
1091 1358 1135 1395 in
1172 1357 1277 1395 illud
1325 1356 1589 1406 supercilium

262 1430 552 1476 transferebat,
574 1429 682 1478 quod
705 1440 865 1477 semper
889 1427 1129 1477 haruspices
1153 1426 1393 1465 consulebat
1419 1426 1470 1463 de
1494 1425 1590 1463 acti-

263 1501 353 1539 onis
375 1504 537 1547 eventu,
560 1512 584 1537 a
603 1499 732 1536 nimia
756 1497 1062 1548 superstitione,
1085 1497 1156 1535 sed
1181 1502 1319 1534 tamen
1340 1500 1381 1534 et
1401 1509 1425 1534 a
1444 1508 1590 1544 magno

264 1570 495 1609 studiorum
524 1569 677 1606 honore
702 1567 903 1605 veniebat.
964 1567 1052 1604 Iam
1082 1566 1156 1604 illa
1184 1578 1382 1616 perquam
1414 1565 1591 1603 iucunda

263 1653 346 1678 una
372 1639 618 1683 dicentibus,
647 1638 757 1688 quod
784 1637 914 1675 libera
939 1640 1126 1686 tempora
1146 1636 1323 1686 petebat,
1345 1635 1455 1685 quod
1479 1635 1591 1673 audi-

263 1714 377 1748 turos
406 1708 656 1757 corrogabat.
714 1707 822 1752 Quid
852 1706 959 1744 0111111
990 1705 1210 1743 iucundius
1241 1718 1361 1755 quam
1391 1705 1466 1742 sub
1495 1704 1591 1742 alte-

263 1780 348 1817 rius
378 1779 538 1816 invidia
567 1790 689 1827 quam
719 1777 789 1814 diu
810 1776 914 1813 velis
941 1779 982 1813 et
1009 1775 1050 1812 in
1078 1775 1212 1813 alieno
1242 1774 1445 1812 auditorio
1472 1773 1589 1823 quasi

264 1849 566 1898 deprehensum
582 1846 793 1885 commode
810 1846 978 1883 dicere?
1036 1845 1117 1883 Sed
1136 1849 1357 1893 utcumque
1375 1856 1416 1881 se
1436 1843 1590 1881 habent

264 1919 356 1965 ista,
387 1919 490 1956 bene
521 1916 621 1954 fecit
657 1915 842 1964 Regulus
876 1915 985 1965 quod
1020 1919 1083 1952 est
1116 1918 1324 1961 mortuus,
1364 1912 1523 1957 melius,
1556 1912 1588 1950 si

265 1992 371 2026 ante.
429 1988 551 2025 Nunc
576 1986 685 2023 enim
713 1998 809 2024 sane
837 1988 1000 2035 poterat
1026 1984 1113 2022 sine
1134 1983 1242 2021 malo
1266 1982 1430 2032 publico
1451 1982 1589 2019 vivere

266 2058 340 2095 sub
370 2070 416 2095 eo
446 2056 631 2106 principe
662 2055 736 2093 sub
766 2068 846 2104 quo
877 2066 1021 2091 nocere
1051 2066 1131 2091 11011
1166 2056 1337 2102 poterat.
1397 2052 1495 2089 Ideo
1524 2052 1589 2089 fas

218 2139 233 2162 ‚⁷
265 2131 328 2165 est
357 2140 438 2164 11011
467 2138 692 2174 numquam
722 2137 813 2162 eum
844 2135 1049 2173 quaerere.
1107 2123 1214 2159 Nam
1243 2125 1461 2171 postquam
1489 2121 1589 2158 obiit

265 2197 347 2244 ille,
378 2195 605 2233 increbruit
634 2194 787 2244 passim
817 2197 858 2231 et
888 2192 1066 2230 invaluit
1096 2192 1348 2229 consuetudo
1376 2190 1494 2228 binas
1524 2190 1587 2227 vel

265 2266 449 2315 singulas
470 2265 722 2314 clepsydras,
745 2263 953 2300 interduni
974 2262 1099 2299 etiam
1127 2260 1319 2298 dimidias
1341 2264 1381 2297 et
1402 2260 1527 2298 dandi
1549 2264 1589 2296 et

265 2335 444 2386 petendi.
502 2335 611 2372 Nam
637 2338 677 2371 et
702 2333 773 2383 qui
803 2333 948 2370 dicunt
975 2331 1106 2379 egisse
1134 2330 1294 2368 malunt
1321 2343 1444 2379 quam
1471 2342 1588 2377 agere

265 2410 305 2443 et
326 2405 397 2454 qui
417 2405 593 2442 audiunt
616 2403 734 2440 finire
760 2415 881 2452 quam
906 2401 1098 2439 iudicare.
1157 2402 1292 2438 Tanta
1315 2399 1586 2448 neglegentia.

265 2479 382 2513 tanta
401 2473 572 2520 desidia,
594 2476 711 2510 tanta
731 2471 907 2521 denique
936 2470 1212 2507 inreverentia
1236 2469 1467 2507 studiorum
1487 2469 1590 2518 peri-

1620 1573 1655 1602 10

1620 1920 1654 1947 15

1617 2270 1654 2296 ’.ΞΟ
