1859 2828
231 171 315 213 122
803 175 840 208 o.
869 174 1001 207 PLINI

231 294 433 344 rescripto
464 292 664 341 intellego
694 291 895 330 libentius
925 290 1003 328 hoc
1033 289 1071 327 ei
1101 293 1141 328 te
1171 288 1444 339 praestitisse,
1476 287 1574 337 quia

231 378 306 415 pro
327 377 391 402 me
413 363 595 412 rogabat.
655 362 811 401 Videor
832 373 927 410 ergo
949 372 1154 399 summam
1174 359 1262 397 voti
1283 358 1365 397 mei
1385 370 1574 397 consecu-
1601 367 1619 395 2

232 440 312 484 tus,
329 448 423 473 cum
444 435 553 472 inter
574 433 697 471 initia
717 431 954 471 felicissimi
975 431 1236 481 principatus
1254 430 1317 468 tui
1333 429 1573 480 probaveris

232 519 297 544 me
328 506 381 544 ad
410 504 661 555 peculiarem
691 502 997 552 indulgentiam
1028 505 1143 539 tuam
1173 500 1403 551 pertinere3
1444 512 1573 549 eoque

185 584 204 613 5
232 577 365 626 magis
389 576 542 614 liberos
572 574 829 624 concupisco,
853 586 955 623 quos
985 573 1136 610 habere
1166 572 1292 609 etiam
1322 571 1396 609 illo
1424 570 1576 609 tristis-

234 647 338 686 simo
359 646 523 685 saeculo
544 645 669 693 volui,
693 644 801 683 sicut
827 647 945 694 potes
976 643 1135 681 duobus
1165 627 1441 680 matrimoniis
1471 640 1574 679 meis

233 717 413 756 credere.
467 716 548 755 Sed
569 715 636 754 dei
657 715 818 762 melius,
842 714 913 764 qui
934 713 1073 752 omnia
1091 713 1255 762 integra
1274 710 1455 751 bonitati
1478 715 1575 749 tuae
1604 719 1622 748 3

234 790 512 827 reservarunt.
572 785 707 824 Malui
726 785 803 823 hoc
824 784 963 835 potius
984 788 1169 834 tempore
1198 795 1263 821 me
1293 786 1455 833 patrem
1484 781 1576 820 fieri

235 871 317 909 quo
337 858 505 896 futurus
527 868 659 895 essem
681 860 722 894 et
744 867 911 894 securus
932 858 974 893 et
993 854 1110 892 felix.

781 1026 879 1066 103.
920 1024 1029 1076 (LI.)

468 1140 508 1173 C.
543 1138 736 1172 PLINIUS
769 1137 989 1170 TRAIANO
1022 1136 1343 1170 IMPERATORI.

717 1245 862 1277 Thanlcs
871 1245 936 1285 for
953 1244 1101 1285 (csavor.

173 1358 211 1388 10
292 1350 472 1390 Difficile
502 1354 576 1398 est,
613 1349 790 1397 domine,
826 1348 1058 1399 exprimere
1088 1347 1226 1386 verbis
1261 1350 1459 1397 quantam
1493 1358 1580 1397 per·
1608 1352 1624 1381 1

238 1422 417 1473 ceperim
457 1421 675 1468 laetitiam,
715 1420 826 1469 quod
858 1423 899 1457 et
937 1418 1040 1456 mihi
1079 1422 1120 1456 et
1155 1418 1288 1456 socrui
1320 1429 1434 1456 meae
1468 1429 1581 1468 prae-

239 1493 389 1532 stitisti
424 1496 470 1530 ut
508 1491 688 1530 adfinem
723 1490 812 1529 eius
851 1489 1038 1529 Caelium
1077 1488 1333 1528 Clementem
1382 1488 1426 1525 in
1473 1487 1580 1525 lianc

1608 1561 1627 1590 [ὗ

238 1563 495 1614 provinciam
533 1561 795 1600 transferres.
855 1561 919 1598 Ex
954 1560 1027 1598 illo
1057 1560 1168 1597 enim
1198 1571 1434 1597 mensuram
1463 1558 1581 1596 bene-

239 1634 324 1672 ficii
344 1633 405 1671 tui
427 1632 593 1683 penitus
620 1632 831 1680 intellego,
854 1644 946 1669 cum
970 1635 1055 1669 tam
1086 1630 1250 1680 plenam
1276 1628 1580 1677 indulgentiam

175 1712 211 1741 15
240 1717 333 1743 011111
353 1708 442 1742 tota
466 1704 587 1741 domo
611 1715 702 1741 mea
729 1702 930 1752 experiar,
953 1701 1018 1740 cui
1048 1701 1202 1739 referre
1233 1700 1409 1749 gratiam
1439 1712 1581 1750 parem

240 1787 292 1812 ne
326 1774 457 1812 audeo
486 1773 667 1823 quidem,
690 1773 882 1823 quamvis
916 1771 1095 1810 maxime
1125 1771 1291 1821 possim.
1351 1771 1500 1820 Itaque
1530 1770 1583 1808 ad

241 1848 339 1883 vota
359 1843 554 1893 confugio
579 1844 760 1893 deosque
788 1856 930 1893 precor
951 1846 996 1880 ut
1023 1842 1082 1880 eis
1107 1854 1212 1892 quae
1242 1841 1284 1879 in
1314 1853 1379 1879 me
1409 1840 1583 1879 adsidue

242 1915 406 1954 confers
428 1927 510 1953 non
530 1914 727 1963 indignus
749 1913 974 1952 existimer.

762 2084 860 2124 104.
902 2083 1068 2134 (LXV.)

474 2197 512 2231 C.
550 2196 741 2228 PLINIUS
773 2196 993 2228 TRAIANO
1026 2194 1348 2227 IMPERATORI.

642 2302 937 2341 Tlcesoumllinys
956 2302 991 2332 in
1012 2301 1193 2340 Bt'lhym'a.

303 2405 468 2453 Magna,
510 2402 686 2450 domine,
726 2406 767 2440 et
805 2402 857 2440 ad
898 2405 1027 2439 totam
1073 2401 1328 2451 provinciam
1374 2399 1586 2450 pertinens
1616 2410 1632 2439 1

184 2484 222 2512 20
250 2474 437 2524 quaestio
458 2477 522 2512 est
542 2474 591 2511 de
609 2472 849 2511 condicione
870 2475 911 2510 et
932 2471 1143 2510 alimentis
1160 2483 1297 2509 eorum
1321 2483 1423 2521 quos
1440 2473 1589 2508 vocant
