<?xml version="1.0" encoding="UTF-8"?>
<!DOCTYPE html PUBLIC "-//W3C//DTD XHTML 1.0 Transitional//EN"
    "http://www.w3.org/TR/xhtml1/DTD/xhtml1-transitional.dtd">
<html xmlns="http://www.w3.org/1999/xhtml" xml:lang="en" lang="en">
 <head>
  <title>
</title>
<meta http-equiv="Content-Type" content="text/html;charset=utf-8" />
  <meta name='ocr-system' content='tesseract 3.04.00' />
  <meta name='ocr-capabilities' content='ocr_page ocr_carea ocr_par ocr_line ocrx_word'/>
</head>
<body>
  <div class='ocr_page' id='page_1' title='image "./cplinisecundiepi00plinuoft_0102.png"; bbox 0 0 1859 2828; ppageno 0'>
   <div class='ocr_carea' id='block_1_1' title="bbox 247 1310 282 1338">
    <p class='ocr_par' dir='ltr' id='par_1_1' title="bbox 247 1310 282 1338">
     <span class='ocr_line' id='line_1_1' title="bbox 247 1310 282 1338; baseline 0 0"><span class='ocrx_word' id='word_1_1' title='bbox 247 1310 282 1338; x_wconf 88' lang='lat'>10</span> 
     </span>
    </p>
   </div>
   <div class='ocr_carea' id='block_1_2' title="bbox 248 1662 282 1690">
    <p class='ocr_par' dir='ltr' id='par_1_2' title="bbox 248 1662 282 1690">
     <span class='ocr_line' id='line_1_2' title="bbox 248 1662 282 1690; baseline 0.029 -1"><span class='ocrx_word' id='word_1_2' title='bbox 248 1662 282 1690; x_wconf 80' lang='lat'>15</span> 
     </span>
    </p>
   </div>
   <div class='ocr_carea' id='block_1_3' title="bbox 306 190 1072 232">
    <p class='ocr_par' dir='ltr' id='par_1_3' title="bbox 306 190 1072 232">
     <span class='ocr_line' id='line_1_3' title="bbox 306 190 1072 232; baseline -0.004 0"><span class='ocrx_word' id='word_1_3' title='bbox 306 190 361 232; x_wconf 89' lang='grc'>56</span> <span class='ocrx_word' id='word_1_4' title='bbox 872 199 910 230; x_wconf 85' lang='grc'>0.</span> <span class='ocrx_word' id='word_1_5' title='bbox 942 197 1072 229; x_wconf 82' lang='lat' dir='ltr'>PLINI</span> 
     </span>
    </p>
   </div>
   <div class='ocr_carea' id='block_1_4' title="bbox 486 365 1459 611">
    <p class='ocr_par' dir='ltr' id='par_1_4' title="bbox 486 365 1459 611">
     <span class='ocr_line' id='line_1_4' title="bbox 868 365 1072 418; baseline -0.01 -13"><span class='ocrx_word' id='word_1_6' title='bbox 868 367 937 406; x_wconf 74' lang='lat'>43.</span> <span class='ocrx_word' id='word_1_7' title='bbox 978 365 1072 418; x_wconf 86' lang='lat'>(11.)</span> 
     </span>
     <span class='ocr_line' id='line_1_5' title="bbox 518 471 1427 506; baseline -0.002 0"><span class='ocrx_word' id='word_1_8' title='bbox 518 472 557 506; x_wconf 92' lang='lat' dir='ltr'>C.</span> <span class='ocrx_word' id='word_1_9' title='bbox 590 472 781 504; x_wconf 87' lang='lat' dir='ltr'>PLINIUS</span> <span class='ocrx_word' id='word_1_10' title='bbox 813 471 958 503; x_wconf 76' lang='lat' dir='ltr'>AT&#39;HO</span> <span class='ocrx_word' id='word_1_11' title='bbox 992 472 1240 504; x_wconf 86' lang='lat' dir='ltr'>CLEMENTI</span> <span class='ocrx_word' id='word_1_12' title='bbox 1273 471 1360 504; x_wconf 88' lang='lat' dir='ltr'>SUO</span> <span class='ocrx_word' id='word_1_13' title='bbox 1394 472 1427 504; x_wconf 89' lang='lat' dir='ltr'>S.</span> 
     </span>
     <span class='ocr_line' id='line_1_6' title="bbox 486 571 1459 611; baseline -0.002 -8"><span class='ocrx_word' id='word_1_14' title='bbox 486 571 628 603; x_wconf 64' lang='lat' dir='ltr'>Absuml</span> <span class='ocrx_word' id='word_1_15' title='bbox 645 572 837 611; x_wconf 65' lang='grc'>11101111117119</span> <span class='ocrx_word' id='word_1_16' title='bbox 855 571 896 610; x_wconf 84' lang='lat' dir='ltr'>Of</span> <span class='ocrx_word' id='word_1_17' title='bbox 908 571 1143 611; x_wconf 66' lang='lat' dir='ltr'>Reyzclusfor</span> <span class='ocrx_word' id='word_1_18' title='bbox 1160 571 1215 602; x_wconf 64' lang='lat' dir='ltr'>lais</span> <span class='ocrx_word' id='word_1_19' title='bbox 1231 571 1329 601; x_wconf 69' lang='lat' dir='ltr'>son&#39;s</span> <span class='ocrx_word' id='word_1_20' title='bbox 1346 571 1459 602; x_wconf 71' lang='lat' dir='ltr'>death.</span> 
     </span>
    </p>
   </div>
   <div class='ocr_carea' id='block_1_5' title="bbox 308 653 1696 2251">
    <p class='ocr_par' dir='ltr' id='par_1_5' title="bbox 308 653 1696 2251">
     <span class='ocr_line' id='line_1_7' title="bbox 363 653 1689 717; baseline -0.002 -11"><span class='ocrx_word' id='word_1_21' title='bbox 363 669 548 717; x_wconf 76' lang='lat' dir='ltr'>Regulus</span> <span class='ocrx_word' id='word_1_22' title='bbox 588 668 721 705; x_wconf 84' lang='lat' dir='ltr'>filium</span> <span class='ocrx_word' id='word_1_23' title='bbox 757 667 908 716; x_wconf 85' lang='lat' dir='ltr'>amisit,</span> <span class='ocrx_word' id='word_1_24' title='bbox 939 668 1016 705; x_wconf 88' lang='lat' dir='ltr'>hoc</span> <span class='ocrx_word' id='word_1_25' title='bbox 1046 680 1127 705; x_wconf 87' lang='lat' dir='ltr'>uno</span> <span class='ocrx_word' id='word_1_26' title='bbox 1157 667 1266 705; x_wconf 88' lang='lat' dir='ltr'>malo</span> <span class='ocrx_word' id='word_1_27' title='bbox 1295 653 1504 716; x_wconf 79' lang='lat' dir='ltr'>indignus,</span> <span class='ocrx_word' id='word_1_28' title='bbox 1536 667 1646 717; x_wconf 85' lang='lat' dir='ltr'>quod</span> <span class='ocrx_word' id='word_1_29' title='bbox 1674 675 1689 703; x_wconf 95' lang='lat'>1</span> 
     </span>
     <span class='ocr_line' id='line_1_8' title="bbox 309 736 1647 788; baseline -0.001 -12"><span class='ocrx_word' id='word_1_30' title='bbox 309 739 446 777; x_wconf 83' lang='lat' dir='ltr'>nescio</span> <span class='ocrx_word' id='word_1_31' title='bbox 485 751 537 776; x_wconf 87' lang='lat' dir='ltr'>an</span> <span class='ocrx_word' id='word_1_32' title='bbox 575 738 730 776; x_wconf 87' lang='lat' dir='ltr'>malum</span> <span class='ocrx_word' id='word_1_33' title='bbox 765 742 895 788; x_wconf 87' lang='lat' dir='ltr'>putet.</span> <span class='ocrx_word' id='word_1_34' title='bbox 954 738 1056 775; x_wconf 85' lang='lat' dir='ltr'>Erat</span> <span class='ocrx_word' id='word_1_35' title='bbox 1095 750 1195 787; x_wconf 87' lang='lat' dir='ltr'>puer</span> <span class='ocrx_word' id='word_1_36' title='bbox 1233 737 1339 775; x_wconf 88' lang='lat' dir='ltr'>acris</span> <span class='ocrx_word' id='word_1_37' title='bbox 1377 736 1535 785; x_wconf 85' lang='lat' dir='ltr'>ingenii</span> <span class='ocrx_word' id='word_1_38' title='bbox 1575 737 1647 774; x_wconf 88' lang='lat' dir='ltr'>sed</span> 
     </span>
     <span class='ocr_line' id='line_1_9' title="bbox 308 807 1647 858; baseline -0.002 -11"><span class='ocrx_word' id='word_1_39' title='bbox 308 809 503 857; x_wconf 80' lang='lat' dir='ltr'>ambigui,</span> <span class='ocrx_word' id='word_1_40' title='bbox 534 808 605 858; x_wconf 88' lang='lat' dir='ltr'>qui</span> <span class='ocrx_word' id='word_1_41' title='bbox 635 812 775 846; x_wconf 87' lang='lat' dir='ltr'>tamen</span> <span class='ocrx_word' id='word_1_42' title='bbox 804 812 945 858; x_wconf 83' lang='lat' dir='ltr'>posset</span> <span class='ocrx_word' id='word_1_43' title='bbox 974 811 1086 845; x_wconf 87' lang='lat' dir='ltr'>recta</span> <span class='ocrx_word' id='word_1_44' title='bbox 1115 807 1274 855; x_wconf 84' lang='lat' dir='ltr'>sectari,</span> <span class='ocrx_word' id='word_1_45' title='bbox 1306 807 1341 845; x_wconf 86' lang='lat' dir='ltr'>si</span> <span class='ocrx_word' id='word_1_46' title='bbox 1370 811 1530 857; x_wconf 87' lang='lat' dir='ltr'>patrem</span> <span class='ocrx_word' id='word_1_47' title='bbox 1564 820 1647 845; x_wconf 87' lang='lat' dir='ltr'>non</span> 
     </span>
     <span class='ocr_line' id='line_1_10' title="bbox 309 877 1692 927; baseline -0.002 -11"><span class='ocrx_word' id='word_1_48' title='bbox 309 879 495 917; x_wconf 83' lang='lat' dir='ltr'>referret.</span> <span class='ocrx_word' id='word_1_49' title='bbox 554 879 679 916; x_wconf 84' lang='lat' dir='ltr'>Hune</span> <span class='ocrx_word' id='word_1_50' title='bbox 719 877 905 927; x_wconf 75' lang='lat' dir='ltr'>Regulus</span> <span class='ocrx_word' id='word_1_51' title='bbox 944 877 1237 927; x_wconf 71' lang='lat' dir='ltr'>emancipavit,</span> <span class='ocrx_word' id='word_1_52' title='bbox 1270 881 1316 915; x_wconf 90' lang='lat' dir='ltr'>ut</span> <span class='ocrx_word' id='word_1_53' title='bbox 1348 877 1466 915; x_wconf 84' lang='lat' dir='ltr'>heres</span> <span class='ocrx_word' id='word_1_54' title='bbox 1501 877 1645 915; x_wconf 85' lang='lat' dir='ltr'>matris</span> <span class='ocrx_word' id='word_1_55' title='bbox 1674 885 1692 912; x_wconf 77' lang='lat'><strong>2</strong></span> 
     </span>
     <span class='ocr_line' id='line_1_11' title="bbox 309 947 1645 998; baseline -0.002 -11"><span class='ocrx_word' id='word_1_56' title='bbox 309 949 534 997; x_wconf 81' lang='lat' dir='ltr'>existeret3</span> <span class='ocrx_word' id='word_1_57' title='bbox 584 948 865 998; x_wconf 86' lang='lat' dir='ltr'>mancipatum</span> <span class='ocrx_word' id='word_1_58' title='bbox 898 948 975 998; x_wconf 81' lang='lat' dir='ltr'>(ita</span> <span class='ocrx_word' id='word_1_59' title='bbox 1012 948 1136 996; x_wconf 78' lang='lat' dir='ltr'>vulgo</span> <span class='ocrx_word' id='word_1_60' title='bbox 1166 961 1215 985; x_wconf 79' lang='lat' dir='ltr'>ex</span> <span class='ocrx_word' id='word_1_61' title='bbox 1246 947 1426 986; x_wconf 89' lang='lat' dir='ltr'>moribus</span> <span class='ocrx_word' id='word_1_62' title='bbox 1465 947 1645 985; x_wconf 89' lang='lat' dir='ltr'>hominis</span> 
     </span>
     <span class='ocr_line' id='line_1_12' title="bbox 310 1017 1646 1071; baseline -0.001 -14"><span class='ocrx_word' id='word_1_63' title='bbox 310 1020 602 1071; x_wconf 76' lang='lat' dir='ltr'>loquebantur)</span> <span class='ocrx_word' id='word_1_64' title='bbox 634 1019 757 1056; x_wconf 79' lang='lat' dir='ltr'>foeda</span> <span class='ocrx_word' id='word_1_65' title='bbox 794 1022 835 1056; x_wconf 82' lang='lat' dir='ltr'>et</span> <span class='ocrx_word' id='word_1_66' title='bbox 874 1018 1043 1056; x_wconf 88' lang='lat' dir='ltr'>insolita</span> <span class='ocrx_word' id='word_1_67' title='bbox 1081 1018 1323 1068; x_wconf 85' lang='lat' dir='ltr'>parentibus</span> <span class='ocrx_word' id='word_1_68' title='bbox 1362 1017 1646 1066; x_wconf 71' lang='lat' dir='ltr'>indulgentiae</span> 
     </span>
     <span class='ocr_line' id='line_1_13' title="bbox 311 1088 1644 1140; baseline -0.002 -12"><span class='ocrx_word' id='word_1_69' title='bbox 311 1090 574 1129; x_wconf 76' lang='lat' dir='ltr'>simulatione</span> <span class='ocrx_word' id='word_1_70' title='bbox 604 1090 809 1140; x_wconf 72' lang='lat' dir='ltr'>captabat.</span> <span class='ocrx_word' id='word_1_71' title='bbox 870 1089 1134 1137; x_wconf 83' lang='lat' dir='ltr'>Incredibile,</span> <span class='ocrx_word' id='word_1_72' title='bbox 1161 1089 1233 1127; x_wconf 86' lang='lat' dir='ltr'>sed</span> <span class='ocrx_word' id='word_1_73' title='bbox 1262 1088 1469 1137; x_wconf 79' lang='lat' dir='ltr'>Regulum</span> <span class='ocrx_word' id='word_1_74' title='bbox 1499 1088 1644 1137; x_wconf 79' lang='lat' dir='ltr'>cogita.</span> 
     </span>
     <span class='ocr_line' id='line_1_14' title="bbox 309 1158 1694 1209; baseline -0.002 -11"><span class='ocrx_word' id='word_1_75' title='bbox 309 1161 521 1199; x_wconf 83' lang='lat' dir='ltr'>Amissum</span> <span class='ocrx_word' id='word_1_76' title='bbox 545 1165 685 1198; x_wconf 85' lang='lat' dir='ltr'>tamen</span> <span class='ocrx_word' id='word_1_77' title='bbox 715 1161 829 1209; x_wconf 78' lang='lat' dir='ltr'>luget</span> <span class='ocrx_word' id='word_1_78' title='bbox 858 1160 1013 1198; x_wconf 87' lang='lat' dir='ltr'>insane.</span> <span class='ocrx_word' id='word_1_79' title='bbox 1074 1159 1268 1197; x_wconf 84' lang='lat' dir='ltr'>Habebat</span> <span class='ocrx_word' id='word_1_80' title='bbox 1297 1171 1399 1209; x_wconf 88' lang='lat' dir='ltr'>puer</span> <span class='ocrx_word' id='word_1_81' title='bbox 1428 1158 1646 1196; x_wconf 88' lang='lat' dir='ltr'>mannulos</span> <span class='ocrx_word' id='word_1_82' title='bbox 1675 1166 1694 1194; x_wconf 88' lang='lat'><strong>3</strong></span> 
     </span>
     <span class='ocr_line' id='line_1_15' title="bbox 310 1228 1647 1277; baseline -0.002 -9"><span class='ocrx_word' id='word_1_83' title='bbox 310 1231 462 1269; x_wconf 85' lang='lat' dir='ltr'>multos</span> <span class='ocrx_word' id='word_1_84' title='bbox 493 1235 533 1269; x_wconf 85' lang='lat' dir='ltr'>et</span> <span class='ocrx_word' id='word_1_85' title='bbox 564 1231 725 1269; x_wconf 70' lang='lat' dir='ltr'>iunctos</span> <span class='ocrx_word' id='word_1_86' title='bbox 757 1235 797 1268; x_wconf 87' lang='lat' dir='ltr'>et</span> <span class='ocrx_word' id='word_1_87' title='bbox 829 1230 997 1277; x_wconf 85' lang='lat' dir='ltr'>solutos,</span> <span class='ocrx_word' id='word_1_88' title='bbox 1019 1230 1198 1268; x_wconf 83' lang='lat' dir='ltr'>habebat</span> <span class='ocrx_word' id='word_1_89' title='bbox 1227 1242 1348 1267; x_wconf 85' lang='lat' dir='ltr'>canes</span> <span class='ocrx_word' id='word_1_90' title='bbox 1375 1228 1549 1267; x_wconf 86' lang='lat' dir='ltr'>maiores</span> <span class='ocrx_word' id='word_1_91' title='bbox 1576 1228 1647 1266; x_wconf 89' lang='lat' dir='ltr'>mi-</span> 
     </span>
     <span class='ocr_line' id='line_1_16' title="bbox 310 1300 1646 1352; baseline -0.002 -13"><span class='ocrx_word' id='word_1_92' title='bbox 310 1314 523 1352; x_wconf 87' lang='lat' dir='ltr'>noresque,</span> <span class='ocrx_word' id='word_1_93' title='bbox 559 1302 738 1340; x_wconf 86' lang='lat' dir='ltr'>habebat</span> <span class='ocrx_word' id='word_1_94' title='bbox 773 1302 982 1349; x_wconf 76' lang='lat' dir='ltr'>luscinias,</span> <span class='ocrx_word' id='word_1_95' title='bbox 1018 1301 1230 1351; x_wconf 74' lang='lat' dir='ltr'>psittacos,</span> <span class='ocrx_word' id='word_1_96' title='bbox 1265 1300 1464 1338; x_wconf 88' lang='lat' dir='ltr'>merulas:</span> <span class='ocrx_word' id='word_1_97' title='bbox 1505 1312 1646 1337; x_wconf 87' lang='lat' dir='ltr'>omnes</span> 
     </span>
     <span class='ocr_line' id='line_1_17' title="bbox 310 1369 1693 1421; baseline -0.003 -12"><span class='ocrx_word' id='word_1_98' title='bbox 310 1372 496 1420; x_wconf 77' lang='lat' dir='ltr'>Regulus</span> <span class='ocrx_word' id='word_1_99' title='bbox 535 1372 644 1410; x_wconf 83' lang='lat' dir='ltr'>eirca</span> <span class='ocrx_word' id='word_1_100' title='bbox 682 1385 824 1421; x_wconf 78' lang='lat' dir='ltr'>rogum</span> <span class='ocrx_word' id='word_1_101' title='bbox 860 1371 1094 1410; x_wconf 79' lang='lat' dir='ltr'>trucidavit.</span> <span class='ocrx_word' id='word_1_102' title='bbox 1153 1372 1242 1409; x_wconf 83' lang='lat' dir='ltr'>Nec</span> <span class='ocrx_word' id='word_1_103' title='bbox 1282 1370 1398 1408; x_wconf 85' lang='lat' dir='ltr'>dolor</span> <span class='ocrx_word' id='word_1_104' title='bbox 1436 1373 1525 1407; x_wconf 85' lang='lat' dir='ltr'>erat</span> <span class='ocrx_word' id='word_1_105' title='bbox 1562 1369 1645 1417; x_wconf 84' lang='lat' dir='ltr'>ille,</span> <span class='ocrx_word' id='word_1_106' title='bbox 1673 1377 1693 1404; x_wconf 77' lang='lat'>4</span> 
     </span>
     <span class='ocr_line' id='line_1_18' title="bbox 311 1439 1648 1481; baseline -0.002 -1"><span class='ocrx_word' id='word_1_107' title='bbox 311 1443 382 1481; x_wconf 84' lang='lat' dir='ltr'>sed</span> <span class='ocrx_word' id='word_1_108' title='bbox 412 1443 638 1481; x_wconf 85' lang='lat' dir='ltr'>ostentatio</span> <span class='ocrx_word' id='word_1_109' title='bbox 667 1443 832 1480; x_wconf 81' lang='lat' dir='ltr'>doloris.</span> <span class='ocrx_word' id='word_1_110' title='bbox 892 1442 1146 1480; x_wconf 82' lang='lat' dir='ltr'>Convenitur</span> <span class='ocrx_word' id='word_1_111' title='bbox 1185 1441 1237 1479; x_wconf 83' lang='lat' dir='ltr'>ad</span> <span class='ocrx_word' id='word_1_112' title='bbox 1275 1453 1368 1478; x_wconf 87' lang='lat' dir='ltr'>eum</span> <span class='ocrx_word' id='word_1_113' title='bbox 1408 1440 1511 1478; x_wconf 85' lang='lat' dir='ltr'>mira</span> <span class='ocrx_word' id='word_1_114' title='bbox 1548 1439 1648 1477; x_wconf 85' lang='lat' dir='ltr'>eele-</span> 
     </span>
     <span class='ocr_line' id='line_1_19' title="bbox 310 1510 1646 1560; baseline -0.003 -9"><span class='ocrx_word' id='word_1_115' title='bbox 310 1513 474 1551; x_wconf 84' lang='lat' dir='ltr'>britate.</span> <span class='ocrx_word' id='word_1_116' title='bbox 535 1513 681 1551; x_wconf 85' lang='lat' dir='ltr'>Cuncti</span> <span class='ocrx_word' id='word_1_117' title='bbox 717 1513 978 1550; x_wconf 84' lang='lat' dir='ltr'>detestantur</span> <span class='ocrx_word' id='word_1_118' title='bbox 1017 1512 1203 1558; x_wconf 85' lang='lat' dir='ltr'>oderunt,</span> <span class='ocrx_word' id='word_1_119' title='bbox 1237 1514 1277 1548; x_wconf 86' lang='lat' dir='ltr'>et</span> <span class='ocrx_word' id='word_1_120' title='bbox 1309 1510 1427 1560; x_wconf 84' lang='lat' dir='ltr'>quasi</span> <span class='ocrx_word' id='word_1_121' title='bbox 1459 1510 1646 1560; x_wconf 82' lang='lat' dir='ltr'>probent,</span> 
     </span>
     <span class='ocr_line' id='line_1_20' title="bbox 311 1580 1648 1633; baseline -0.003 -12"><span class='ocrx_word' id='word_1_122' title='bbox 311 1583 429 1633; x_wconf 77' lang='lat' dir='ltr'>quasi</span> <span class='ocrx_word' id='word_1_123' title='bbox 461 1583 650 1632; x_wconf 79' lang='lat' dir='ltr'>diligant,</span> <span class='ocrx_word' id='word_1_124' title='bbox 673 1586 840 1620; x_wconf 74' lang='lat' dir='ltr'>cursant</span> <span class='ocrx_word' id='word_1_125' title='bbox 870 1583 1151 1632; x_wconf 69' lang='lat' dir='ltr'>frequentant,</span> <span class='ocrx_word' id='word_1_126' title='bbox 1177 1586 1299 1631; x_wconf 88' lang='lat' dir='ltr'>utque</span> <span class='ocrx_word' id='word_1_127' title='bbox 1330 1580 1511 1619; x_wconf 83' lang='lat' dir='ltr'>breviter</span> <span class='ocrx_word' id='word_1_128' title='bbox 1538 1580 1648 1630; x_wconf 84' lang='lat' dir='ltr'>quod</span> 
     </span>
     <span class='ocr_line' id='line_1_21' title="bbox 312 1650 1649 1701; baseline -0.003 -10"><span class='ocrx_word' id='word_1_129' title='bbox 312 1654 446 1692; x_wconf 87' lang='lat' dir='ltr'>sentio</span> <span class='ocrx_word' id='word_1_130' title='bbox 467 1653 690 1701; x_wconf 79' lang='lat' dir='ltr'>enuntiem,</span> <span class='ocrx_word' id='word_1_131' title='bbox 722 1653 764 1690; x_wconf 91' lang='grc'>111</span> <span class='ocrx_word' id='word_1_132' title='bbox 794 1652 956 1700; x_wconf 69' lang='lat' dir='ltr'>Regulo</span> <span class='ocrx_word' id='word_1_133' title='bbox 985 1652 1231 1690; x_wconf 84' lang='lat' dir='ltr'>demerendo</span> <span class='ocrx_word' id='word_1_134' title='bbox 1259 1651 1464 1699; x_wconf 80' lang='lat' dir='ltr'>Regulum</span> <span class='ocrx_word' id='word_1_135' title='bbox 1488 1650 1649 1688; x_wconf 86' lang='lat' dir='ltr'>imitan-</span> 
     </span>
     <span class='ocr_line' id='line_1_22' title="bbox 311 1720 1693 1771; baseline -0.004 -10"><span class='ocrx_word' id='word_1_136' title='bbox 311 1727 389 1762; x_wconf 87' lang='lat' dir='ltr'>tur.</span> <span class='ocrx_word' id='word_1_137' title='bbox 448 1725 580 1761; x_wconf 83' lang='lat' dir='ltr'>Tenet</span> <span class='ocrx_word' id='word_1_138' title='bbox 610 1736 651 1761; x_wconf 87' lang='lat' dir='ltr'>se</span> <span class='ocrx_word' id='word_1_139' title='bbox 681 1727 795 1761; x_wconf 89' lang='lat' dir='ltr'>trans</span> <span class='ocrx_word' id='word_1_140' title='bbox 826 1723 1008 1761; x_wconf 83' lang='lat' dir='ltr'>Tiberim</span> <span class='ocrx_word' id='word_1_141' title='bbox 1038 1722 1081 1759; x_wconf 90' lang='lat' dir='ltr'>in</span> <span class='ocrx_word' id='word_1_142' title='bbox 1110 1722 1255 1769; x_wconf 86' lang='lat' dir='ltr'>hortis,</span> <span class='ocrx_word' id='word_1_143' title='bbox 1284 1721 1328 1758; x_wconf 88' lang='lat' dir='ltr'>in</span> <span class='ocrx_word' id='word_1_144' title='bbox 1358 1721 1506 1771; x_wconf 90' lang='lat' dir='ltr'>quibus</span> <span class='ocrx_word' id='word_1_145' title='bbox 1537 1720 1649 1758; x_wconf 88' lang='lat' dir='ltr'>latis·</span> <span class='ocrx_word' id='word_1_146' title='bbox 1675 1727 1693 1756; x_wconf 89' lang='lat'>5</span> 
     </span>
     <span class='ocr_line' id='line_1_23' title="bbox 313 1790 1647 1843; baseline -0.003 -12"><span class='ocrx_word' id='word_1_147' title='bbox 313 1794 459 1831; x_wconf 89' lang='lat' dir='ltr'>simum</span> <span class='ocrx_word' id='word_1_148' title='bbox 502 1793 633 1832; x_wconf 86' lang='lat' dir='ltr'>solum</span> <span class='ocrx_word' id='word_1_149' title='bbox 674 1793 901 1843; x_wconf 87' lang='lat' dir='ltr'>porticibus</span> <span class='ocrx_word' id='word_1_150' title='bbox 948 1792 1159 1839; x_wconf 86' lang='lat' dir='ltr'>inmensis,</span> <span class='ocrx_word' id='word_1_151' title='bbox 1199 1792 1332 1842; x_wconf 80' lang='lat' dir='ltr'>ripam</span> <span class='ocrx_word' id='word_1_152' title='bbox 1372 1790 1522 1829; x_wconf 85' lang='lat' dir='ltr'>statuis</span> <span class='ocrx_word' id='word_1_153' title='bbox 1562 1790 1647 1829; x_wconf 85' lang='lat' dir='ltr'>suis</span> 
     </span>
     <span class='ocr_line' id='line_1_24' title="bbox 313 1860 1647 1914; baseline -0.003 -13"><span class='ocrx_word' id='word_1_154' title='bbox 313 1864 542 1914; x_wconf 74' lang='lat' dir='ltr'>occupavit,</span> <span class='ocrx_word' id='word_1_155' title='bbox 581 1867 628 1900; x_wconf 90' lang='lat' dir='ltr'>ut</span> <span class='ocrx_word' id='word_1_156' title='bbox 667 1867 729 1901; x_wconf 84' lang='lat' dir='ltr'>est</span> <span class='ocrx_word' id='word_1_157' title='bbox 768 1863 811 1900; x_wconf 89' lang='lat' dir='ltr'>in</span> <span class='ocrx_word' id='word_1_158' title='bbox 851 1876 1011 1901; x_wconf 85' lang='lat' dir='ltr'>summa</span> <span class='ocrx_word' id='word_1_159' title='bbox 1059 1862 1237 1900; x_wconf 85' lang='lat' dir='ltr'>avaritia</span> <span class='ocrx_word' id='word_1_160' title='bbox 1284 1865 1562 1910; x_wconf 84' lang='lat' dir='ltr'>sumptuosus,</span> <span class='ocrx_word' id='word_1_161' title='bbox 1604 1860 1647 1897; x_wconf 89' lang='lat' dir='ltr'>in</span> 
     </span>
     <span class='ocr_line' id='line_1_25' title="bbox 314 1930 1694 1980; baseline -0.005 -9"><span class='ocrx_word' id='word_1_162' title='bbox 314 1947 474 1971; x_wconf 86' lang='lat' dir='ltr'>summa</span> <span class='ocrx_word' id='word_1_163' title='bbox 494 1933 672 1971; x_wconf 83' lang='lat' dir='ltr'>infamia</span> <span class='ocrx_word' id='word_1_164' title='bbox 692 1933 906 1980; x_wconf 64' lang='lat' dir='ltr'>glmiosus.</span> <span class='ocrx_word' id='word_1_165' title='bbox 965 1933 1100 1971; x_wconf 67' lang='lat' dir='ltr'>Vexat</span> <span class='ocrx_word' id='word_1_166' title='bbox 1129 1945 1226 1980; x_wconf 78' lang='lat' dir='ltr'>ergo</span> <span class='ocrx_word' id='word_1_167' title='bbox 1256 1931 1468 1969; x_wconf 74' lang='lat' dir='ltr'>civitatem</span> <span class='ocrx_word' id='word_1_168' title='bbox 1499 1930 1648 1967; x_wconf 61' lang='grc'>111311111-</span> <span class='ocrx_word' id='word_1_169' title='bbox 1676 1937 1694 1963; x_wconf 69' lang='grc'><strong>6</strong></span> 
     </span>
     <span class='ocr_line' id='line_1_26' title="bbox 314 2000 1696 2053; baseline -0.004 -11"><span class='ocrx_word' id='word_1_170' title='bbox 314 2004 490 2042; x_wconf 71' lang='grc'>11011-11111)</span> <span class='ocrx_word' id='word_1_171' title='bbox 528 2008 724 2053; x_wconf 58' lang='lat' dir='ltr'>tempore,</span> <span class='ocrx_word' id='word_1_172' title='bbox 756 2007 797 2041; x_wconf 83' lang='lat' dir='ltr'>et</span> <span class='ocrx_word' id='word_1_173' title='bbox 826 2003 935 2053; x_wconf 83' lang='lat' dir='ltr'>quod</span> <span class='ocrx_word' id='word_1_174' title='bbox 966 2006 1088 2040; x_wconf 78' lang='lat' dir='ltr'>vexat</span> <span class='ocrx_word' id='word_1_175' title='bbox 1118 2001 1314 2040; x_wconf 75' lang='lat' dir='ltr'>solacium</span> <span class='ocrx_word' id='word_1_176' title='bbox 1347 2004 1475 2050; x_wconf 81' lang='lat' dir='ltr'>putat.</span> <span class='ocrx_word' id='word_1_177' title='bbox 1535 2000 1648 2037; x_wconf 58' lang='lat' dir='ltr'>invit</span> <span class='ocrx_word' id='word_1_178' title='bbox 1691 2014 1696 2018; x_wconf 88' lang='lat'>·</span> 
     </span>
     <span class='ocr_line' id='line_1_27' title="bbox 315 2071 1644 2122; baseline -0.004 -11"><span class='ocrx_word' id='word_1_179' title='bbox 315 2088 356 2111; x_wconf 75' lang='lat' dir='ltr'>se</span> <span class='ocrx_word' id='word_1_180' title='bbox 379 2074 483 2111; x_wconf 82' lang='lat' dir='ltr'>velle</span> <span class='ocrx_word' id='word_1_181' title='bbox 505 2074 652 2111; x_wconf 68' lang='lat' dir='ltr'>ducere</span> <span class='ocrx_word' id='word_1_182' title='bbox 674 2086 865 2110; x_wconf 71' lang='lat' dir='ltr'>uxorem:</span> <span class='ocrx_word' id='word_1_183' title='bbox 897 2073 972 2110; x_wconf 70' lang='lat' dir='ltr'>hoo</span> <span class='ocrx_word' id='word_1_184' title='bbox 995 2086 1168 2122; x_wconf 70' lang='lat' dir='ltr'>quoque,</span> <span class='ocrx_word' id='word_1_185' title='bbox 1191 2072 1297 2110; x_wconf 64' lang='lat' dir='ltr'>sicut</span> <span class='ocrx_word' id='word_1_186' title='bbox 1327 2071 1419 2119; x_wconf 77' lang='lat' dir='ltr'>alia,</span> <span class='ocrx_word' id='word_1_187' title='bbox 1444 2082 1644 2120; x_wconf 79' lang='lat' dir='ltr'>perverso.</span> 
     </span>
     <span class='ocr_line' id='line_1_28' title="bbox 316 2141 1692 2193; baseline -0.004 -13"><span class='ocrx_word' id='word_1_188' title='bbox 316 2144 472 2181; x_wconf 74' lang='lat' dir='ltr'>Audies</span> <span class='ocrx_word' id='word_1_189' title='bbox 511 2143 623 2181; x_wconf 60' lang='lat' dir='ltr'>brevi</span> <span class='ocrx_word' id='word_1_190' title='bbox 666 2143 833 2193; x_wconf 78' lang='lat' dir='ltr'>nuptias</span> <span class='ocrx_word' id='word_1_191' title='bbox 873 2143 1066 2189; x_wconf 63' lang='lat' dir='ltr'>lugentis,</span> <span class='ocrx_word' id='word_1_192' title='bbox 1098 2142 1264 2192; x_wconf 80' lang='lat' dir='ltr'>nuptias</span> <span class='ocrx_word' id='word_1_193' title='bbox 1300 2141 1432 2188; x_wconf 70' lang='lat' dir='ltr'>senis,</span> <span class='ocrx_word' id='word_1_194' title='bbox 1473 2152 1645 2189; x_wconf 84' lang='lat' dir='ltr'>quorum</span> <span class='ocrx_word' id='word_1_195' title='bbox 1676 2145 1692 2174; x_wconf 81' lang='grc'><strong>7</strong></span> 
     </span>
     <span class='ocr_line' id='line_1_29' title="bbox 315 2210 1693 2251; baseline -0.004 0"><span class='ocrx_word' id='word_1_196' title='bbox 315 2214 487 2251; x_wconf 58' lang='lat' dir='ltr'>alimum</span> <span class='ocrx_word' id='word_1_197' title='bbox 531 2214 797 2251; x_wconf 76' lang='lat' dir='ltr'>immaturum</span> <span class='ocrx_word' id='word_1_198' title='bbox 845 2213 1021 2251; x_wconf 70' lang='lat' dir='ltr'>alterum</span> <span class='ocrx_word' id='word_1_199' title='bbox 1071 2225 1202 2250; x_wconf 80' lang='lat' dir='ltr'>serum</span> <span class='ocrx_word' id='word_1_200' title='bbox 1254 2216 1326 2249; x_wconf 69' lang='lat' dir='ltr'>est.</span> <span class='ocrx_word' id='word_1_201' title='bbox 1406 2210 1528 2249; x_wconf 76' lang='lat' dir='ltr'>vUnde</span> <span class='ocrx_word' id='word_1_202' title='bbox 1571 2210 1647 2246; x_wconf 83' lang='grc'>1100</span> <span class='ocrx_word' id='word_1_203' title='bbox 1675 2219 1693 2245; x_wconf 71' lang='grc'>8</span> 
     </span>
    </p>
   </div>
   <div class='ocr_carea' id='block_1_6' title="bbox 315 2279 1647 2333">
    <p class='ocr_par' dir='ltr' id='par_1_6' title="bbox 315 2279 1647 2333">
     <span class='ocr_line' id='line_1_30' title="bbox 315 2279 1647 2333; baseline -0.004 -12"><span class='ocrx_word' id='word_1_204' title='bbox 315 2296 491 2331; x_wconf 67' lang='lat' dir='ltr'>auguror</span> <span class='ocrx_word' id='word_1_205' title='bbox 513 2284 697 2333; x_wconf 63' lang='lat' dir='ltr'>quaeris:</span> <span class='ocrx_word' id='word_1_206' title='bbox 730 2297 811 2320; x_wconf 90' lang='grc'>11011</span> <span class='ocrx_word' id='word_1_207' title='bbox 837 2283 933 2332; x_wconf 78' lang='lat' dir='ltr'>quia</span> <span class='ocrx_word' id='word_1_208' title='bbox 958 2282 1149 2320; x_wconf 73' lang='lat' dir='ltr'>adlirmut</span> <span class='ocrx_word' id='word_1_209' title='bbox 1180 2282 1278 2331; x_wconf 70' lang='lat' dir='ltr'>ipse,</span> <span class='ocrx_word' id='word_1_210' title='bbox 1301 2294 1382 2330; x_wconf 79' lang='lat' dir='ltr'>quo</span> <span class='ocrx_word' id='word_1_211' title='bbox 1411 2279 1647 2317; x_wconf 79' lang='lat' dir='ltr'>mendacius</span> 
     </span>
    </p>
   </div>
   <div class='ocr_carea' id='block_1_7' title="bbox 272 2350 1646 2402">
    <p class='ocr_par' dir='ltr' id='par_1_7' title="bbox 272 2350 1646 2402">
     <span class='ocr_line' id='line_1_31' title="bbox 272 2350 1646 2402; baseline -0.004 -12"><span class='ocrx_word' id='word_1_212' title='bbox 272 2362 283 2375; x_wconf 65' lang='lat'><em>⁷</em></span> <span class='ocrx_word' id='word_1_213' title='bbox 315 2354 419 2390; x_wconf 83' lang='lat' dir='ltr'>nihil</span> <span class='ocrx_word' id='word_1_214' title='bbox 451 2358 524 2394; x_wconf 66' lang='lat' dir='ltr'>est.</span> <span class='ocrx_word' id='word_1_215' title='bbox 557 2354 624 2390; x_wconf 60' lang='lat' dir='ltr'>sod</span> <span class='ocrx_word' id='word_1_216' title='bbox 660 2354 757 2402; x_wconf 75' lang='lat' dir='ltr'>quia</span> <span class='ocrx_word' id='word_1_217' title='bbox 790 2357 945 2390; x_wconf 61' lang='grc'>1111111111</span> <span class='ocrx_word' id='word_1_218' title='bbox 977 2356 1038 2389; x_wconf 64' lang='lat' dir='ltr'>ost</span> <span class='ocrx_word' id='word_1_219' title='bbox 1073 2351 1274 2400; x_wconf 68' lang='lat' dir='ltr'>Regulum</span> <span class='ocrx_word' id='word_1_220' title='bbox 1313 2363 1401 2389; x_wconf 81' lang='lat' dir='ltr'>esso</span> <span class='ocrx_word' id='word_1_221' title='bbox 1440 2350 1646 2388; x_wconf 79' lang='lat' dir='ltr'>facturum</span> 
     </span>
    </p>
   </div>
   <div class='ocr_carea' id='block_1_8' title="bbox 315 2422 1100 2473">
    <p class='ocr_par' dir='ltr' id='par_1_8' title="bbox 315 2422 1100 2473">
     <span class='ocr_line' id='line_1_32' title="bbox 315 2422 1100 2473; baseline 0 -14"><span class='ocrx_word' id='word_1_222' title='bbox 315 2423 521 2473; x_wconf 78' lang='lat' dir='ltr'>quidquid</span> <span class='ocrx_word' id='word_1_223' title='bbox 542 2423 631 2460; x_wconf 67' lang='lat' dir='ltr'>ficri</span> <span class='ocrx_word' id='word_1_224' title='bbox 654 2436 733 2460; x_wconf 90' lang='grc'>11011</span> <span class='ocrx_word' id='word_1_225' title='bbox 755 2426 927 2473; x_wconf 83' lang='lat' dir='ltr'>oportet.</span> <span class='ocrx_word' id='word_1_226' title='bbox 990 2422 1100 2460; x_wconf 73' lang='lat' dir='ltr'>Vale.</span> 
     </span>
    </p>
   </div>
  </div>
 </body>
</html>
