1875 2812
171 669 187 698 1

653 190 997 223 EPIsTULAnUM
1030 189 1056 220 1.
1085 189 1117 220 5.
1517 177 1542 216 3

669 415 673 418 ἡ
799 358 838 396 4.
879 356 964 407 (V.)

422 465 460 497 C.
492 462 682 496 PLINIUS
710 460 922 494 VOCONIO
952 458 1157 492 ROMANO
1186 457 1274 490 SUO
1304 456 1337 489 S.

312 564 403 595 How
420 563 619 594 conscience
638 560 738 591 made
756 569 776 590 α
794 558 934 590 comm-cl
951 557 993 596 of
1005 556 1176 596 Remdus,
1197 555 1253 586 the
1272 554 1452 594 informer.

269 659 479 699 Vidistine
523 668 773 706 quemquam
822 654 876 690 M.
922 652 1082 701 Regulo
1125 650 1377 688 timidiorem
1419 648 1550 685 humi«

216 731 361 770 liorem
400 731 494 779 post
531 724 762 764 Domitiani
801 724 1007 761 mortem?
1047 721 1122 760 sub
1161 733 1240 770 quo
1272 732 1353 757 non
1392 718 1552 755 minora

217 800 378 850 flagitia
396 796 658 837 commiserat
678 807 801 844 quain
823 793 898 831 sub
917 793 1095 839 Nerone,
1118 791 1189 828 sed
1214 789 1397 827 tectiora.
1458 788 1552 826 Coe-

218 872 282 923 pit
312 869 446 909 vereri
483 880 535 906 ne
576 866 654 905 sibi
693 866 914 911 irascerer,
956 874 1030 899 nec
1068 861 1303 906 fallebatur,
1336 858 1549 896 irascebar.

219 941 383 981 Rustici
422 937 597 978 Aruleni
640 935 869 987 periculum
907 934 1081 979 foverat,
1117 931 1377 969 exultaverat
1410 932 1552 975 morte,

220 1014 322 1053 adeo
350 1016 397 1050 ut
425 1011 578 1050 librum
605 1009 798 1047 recitaret
825 1005 1148 1056 publicai-etque,
1171 1002 1214 1039 in
1235 1013 1315 1050 quo
1335 999 1553 1037 Rusticum

220 1084 447 1123 insectatur
467 1085 591 1131 atque
612 1079 736 1117 etiam
759 1076 989 1115 Stoicorum
1011 1073 1173 1112 simiam
1194 1070 1398 1121 appellat3
1428 1069 1555 1106 adicit

220 1153 450 1193 Vitelliana
486 1150 677 1189 cicatrice
717 1148 971 1195 stigmosum.
1039 1142 1242 1192 Agnoscis
1278 1138 1553 1189 eloquentiam

222 1223 384 1273 Reguli.
445 1222 619 1260 Lacerat
649 1217 908 1257 Herennium
940 1213 1219 1257 Senecionem,
1247 1215 1333 1248 tam
1360 1210 1557 1258 intempe-

222 1298 362 1333 ranter
388 1292 557 1343 quidem
577 1294 624 1328 ut
648 1288 802 1327 dixerit
823 1287 860 1325 ei
881 1285 1036 1324 Metius
1059 1284 1186 1322 Carus
1214 1281 1335 1331 ‘quid
1360 1279 1437 1317 tibi
1465 1291 1555 1316 cum

223 1365 325 1403 meis
352 1362 527 1401 mortuis
543 1363 562 1399 ’Β
593 1358 796 1409 numquid
820 1370 895 1406 ego
916 1357 1063 1395 Crasso
1084 1357 1156 1391 aut
1176 1351 1392 1390 Camerino
1417 1349 1558 1386 inoles-

224 1439 291 1474 tus
317 1433 464 1473 suin‘?’
495 1444 597 1482 quos
629 1430 701 1468 ille
729 1429 804 1467 sub
832 1428 997 1465 Nerone
1025 1426 1299 1462 accusaverat.
1358 1421 1473 1457 Haec
1494 1431 1556 1455 ine

224 1505 411 1554 Regulus
450 1502 636 1541 dolenter
671 1499 819 1538 tulisse
857 1496 1060 1543 credebat,
1097 1494 1270 1541 ideoque
1305 1491 1429 1528 etiam
1468 1502 1557 1526 cuin

226 1575 420 1614 recitaret
458 1573 625 1620 librum,
663 1583 746 1608 non
786 1567 1042 1607 adhibuerat.
1108 1565 1330 1601 Praeterea
1377 1559 1561 1597 reminis-

226 1646 396 1685 cebatur
429 1656 553 1694 quam
587 1640 823 1692 capitaliter
856 1638 993 1688 ipsum
1032 1647 1097 1673 me
1135 1633 1245 1684 apud
1283 1629 1560 1669 centumviros

227 1715 472 1755 lacessisset.
530 1713 711 1750 Aderam
747 1707 1013 1754 Arrionillae,
1043 1703 1228 1743 Timonis
1259 1701 1388 1747 uxori,
1417 1702 1562 1748 rogatu

229 1785 403 1824 Aruleni
442 1782 629 1831 Rustici3
673 1779 860 1830 Regulus
898 1780 1051 1815 contra.
1122 1773 1371 1812 Nitebamur
1412 1782 1484 1807 nos
1519 1769 1562 1805 in

228 1860 346 1907 parte
366 1866 513 1894 causae
535 1851 743 1892 sententia
763 1849 868 1887 Meti
890 1845 1084 1893 Modesti,
1106 1843 1254 1894 optimi
1274 1842 1376 1879 viri:
1404 1840 1439 1878 is
1464 1844 1561 1877 tunc

229 1927 274 1965 in
294 1926 421 1965 exilio
441 1928 541 1972 erat,
563 1936 587 1962 a
607 1920 848 1961 Domitiano
872 1918 1089 1965 relegatus.
1146 1915 1252 1952 Ecce
1277 1911 1353 1950 tibi
1378 1910 1562 1958 Regulus

233 1996 432 2047 ‘quaero'
474 1993 626 2044 inquit,
667 1989 890 2036 ‘Secunda
930 1986 1033 2037 quid
1070 1985 1119 2023 de
1152 1983 1343 2021 Modesto
1382 1979 1561 2018 sentias.’

231 2067 361 2106 Vides
400 2065 510 2116 quod
555 2061 798 2114 periculum,
838 2059 874 2097 si
910 2055 1215 2107 respondissem
1260 2050 1412 2097 '‘bene,⁷
1456 2049 1562 2098 quod

232 2137 451 2186 flagitium,
474 2135 508 2173 si
534 2132 686 2171 ‘male9
743 2131 839 2168 Non
860 2140 1027 2178 possum
1049 2125 1183 2163 dicere
1208 2121 1321 2161 aliud
1343 2125 1441 2158 tunc
1462 2118 1564 2156 1111111

234 2220 358 2258 quam
390 2207 485 2244 deos
516 2203 712 2242 adfuisse.
773 2195 1091 2248 ‘Respondebo’
1124 2194 1292 2243 inquam
1328 2190 1382 2228 ‘si
1412 2190 1461 2227 de
1490 2189 1564 2225 hoc

235 2275 484 2316 centumviri
517 2271 741 2312 iudicaturi
776 2269 898 2308 sunt.⁷
956 2268 1117 2304 Rursus
1152 2263 1224 2301 ille
1257 2266 1432 2311 ‘quaero
1467 2257 1567 2308 quid

236 2348 286 2386 de
328 2346 520 2384 Modesto
562 2341 740 2381 sentias.⁷
811 2340 969 2377 Iterum
1009 2348 1082 2384 ego
1118 2332 1331 2371 ‘solebant
1365 2334 1491 2367 testes
1525 2327 1632 2364 i110‘,

236 2430 338 2465 reos,
359 2429 441 2454 non
467 2415 508 2452 in
535 2415 751 2452 damnatos
779 2406 1048 2456 interrogari.7
1104 2402 1244 2441 Tertio
1264 2401 1335 2438 ille
1358 2403 1367 2421 ⁴
1380 2412 1462 2436 non
1486 2397 1567 2434 iani

238 2487 340 2537 quid
369 2487 418 2525 de
446 2484 649 2530 Modesto,
680 2481 751 2519 sed
782 2479 881 2529 quid
912 2478 961 2514 de
992 2476 1145 2526 pietate
1179 2469 1358 2509 Modesti
1390 2466 1568 2506 sentias?

1588 1288 1621 1314 lo
