1875 2812
632 215 978 248 EPISTULARUM
1011 213 1075 245 111.
1105 213 1155 245 16.
1502 204 1556 246 47

185 345 205 373 4
231 348 321 374 rare
338 333 450 372 varie
470 332 552 370 nisi
568 330 742 369 eruditis
758 333 951 378 negatum
972 331 1044 365 est.
1092 327 1180 365 Nec
1197 339 1292 364 vero
1313 326 1560 364 adfectanda

234 409 331 445 sunt
358 415 517 453 semper
542 401 652 440 elata
673 404 714 438 et
736 399 906 438 excelsa.
965 398 1074 435 Nam
1095 400 1141 434 ut
1168 396 1211 433 111
1238 395 1400 446 pictura
1423 395 1560 432 lumen

233 488 316 514 non
345 474 428 512 alia
455 485 519 510 res
549 471 680 520 magis
710 482 833 520 quam
864 469 1006 506 umbra
1034 466 1303 513 commendat,
1331 465 1390 502 ita
1418 465 1562 503 oratio-

234 558 328 584 nem
357 548 444 582 tam
473 541 729 581 summittere
761 552 883 589 quam
918 537 1106 576 attollere
1142 537 1268 573 decet.
1352 535 1431 573 Sed
1463 534 1563 584 quid

235 628 310 664 ego
329 614 430 652 haec
451 611 690 650 doctissimo
710 609 832 647 viro?
864 608 964 658 quin
986 602 1122 656 potius
1143 605 1260 653 illud,
1283 605 1433 642 adnota
1460 616 1563 654 quae

236 683 448 735 putaveris
489 679 741 729 corrigenda.
818 678 886 715 Ita
919 677 1028 714 enim
1060 675 1191 723 magis
1230 674 1392 711 credam
1430 678 1564 711 cetera

236 754 314 810 tibi
334 753 508 804 placere,
531 751 565 790 si
586 750 787 800 quaedam
809 746 1071 797 displicuisse
1092 756 1328 794 cognovero.
1387 742 1499 781 Vale.

777 929 845 968 37.
885 925 1037 977 (XVI.)

575 1043 614 1076 C.
650 1040 840 1074 PLINIUS
872 1037 1047 1070 NEPOTI
1079 1035 1168 1069 sUO
1200 1035 1233 1068 S.

532 1148 676 1180 Arrm's
693 1147 754 1187 life
772 1154 843 1177 was
861 1153 900 1176 as
919 1144 1021 1175 bravo
1040 1151 1078 1174 (cs
1096 1142 1157 1172 her
1173 1139 1284 1172 death.

297 1256 533 1294 Adnotasse
550 1240 693 1289 videor
709 1250 822 1288 facta
838 1248 1030 1296 dictaque
1047 1245 1228 1282 virorum
1243 1242 1571 1290 feminarumque

246 1327 329 1365 alia
347 1325 525 1365 clariora
544 1334 632 1360 esse
654 1320 736 1359 alia
757 1318 920 1356 maiora.
974 1315 1227 1354 Confirmata
1243 1318 1304 1350 est
1325 1310 1464 1361 opinio
1484 1321 1573 1347 mea

246 1398 440 1435 hesterno
473 1392 657 1431 Fanniae
690 1400 886 1428 sermone.
961 1385 1113 1435 Neptis
1147 1383 1247 1421 haec
1281 1381 1426 1418 Arriae
1459 1379 1572 1417 illius

248 1478 353 1517 quae
373 1464 522 1503 marito
542 1466 584 1500 et
604 1460 801 1499 solacium
820 1456 964 1495 mortis
982 1459 1022 1493 et
1039 1453 1272 1502 exemplum
1288 1451 1381 1488 fuit.
1439 1448 1575 1486 Multa

248 1536 453 1575 referebat
472 1533 589 1572 aviae
607 1542 703 1570 suae
724 1541 806 1567 non
822 1527 981 1565 minora
998 1525 1075 1562 1100
1096 1523 1167 1562 sed
1187 1520 1440 1567 obscuriora,
1472 1530 1575 1568 quae

248 1607 326 1646 tibi
356 1598 548 1644 existimo
577 1607 663 1640 tam
692 1598 898 1638 mirabilia
924 1595 1079 1645 legenti
1108 1595 1209 1641 fore,
1237 1604 1359 1642 quam
1385 1588 1488 1627 mihi
1513 1600 1577 1625 au-

204 1687 216 1713 4
250 1676 380 1715 dienti
420 1675 602 1712 fuerunt.
679 1668 932 1718 Aegrotabat
979 1665 1154 1705 Caecina
1200 1664 1365 1707 Paetus,
1405 1658 1576 1696 maritus

251 1747 350 1794 eius,
372 1743 610 1794 aegrotabat
630 1745 671 1779 et
691 1740 815 1787 filius,
836 1742 1008 1787 uterque
1030 1734 1252 1779 mortifere,
1274 1734 1319 1768 ut
1339 1728 1575 1767 videbatur:

252 1817 363 1855 filius
393 1814 570 1854 decessit
600 1811 752 1849 eximia
780 1806 1102 1859 pulchritudine,
1133 1802 1222 1853 pari
1249 1798 1506 1845 verecundia,
1537 1800 1577 1833 et

252 1886 492 1937 parentibus
526 1896 609 1921 non
643 1881 778 1919 minus
813 1879 863 1916 ob
897 1877 979 1915 alia
1013 1887 1142 1921 carus,
1175 1884 1297 1922 quam
1327 1869 1436 1919 quod
1466 1866 1577 1904 filius

253 1961 351 1995 erat.
409 1954 521 1992 Huic
549 1953 623 1990 illa
647 1952 707 1989 ita
735 1950 862 1987 funus
890 1946 1064 1997 paravit,
1087 1944 1145 1982 ita
1171 1941 1290 1980 duxit
1315 1937 1507 1987 exequias
1534 1938 1580 1971 ut

253 2028 461 2075 ignoraret
490 2023 685 2061 maritus:
718 2019 818 2070 quin
847 2018 982 2060 immo,
1014 2014 1202 2065 quotiens
1232 2008 1465 2048 cubiculum
1493 2005 1580 2042 eius

254 2097 440 2141 intraret,
476 2094 614 2130 vivere
652 2091 785 2128 filium
823 2092 946 2137 atque
985 2085 1109 2123 etiam
1146 2079 1455 2120 commodiorem
1494 2086 1580 2112 esse
1610 2082 1615 2092 ‘

256 2165 489 2211 simulabat,
529 2175 575 2201 ac
614 2171 809 2211 persaepe
848 2153 1120 2204 interroganti
1159 2150 1258 2201 quid
1306 2150 1443 2196 ageret
1483 2156 1582 2194 puer

256 2234 531 2285 respondebat
552 2232 676 2269 ‘bene
699 2228 869 2279 quievit,
891 2227 1069 2264 libenter
1095 2223 1229 2260 eibum
1251 2216 1451 2267 siiiiipsit.'
1509 2214 1584 2250 De-

258 2306 365 2353 inde,
400 2317 492 2342 cum
530 2302 601 2340 diu
635 2299 839 2337 cohibitae
879 2295 1069 2334 lacrimae
1103 2292 1316 2329 vincerent
1356 2296 1584 2335 prorumpo-

258 2379 444 2424 rentque,
483 2371 792 2421 egrediebatur:
842 2372 939 2404 tune
986 2377 1026 2402 se
1067 2360 1197 2399 dolori
1245 2358 1387 2395 dabat:
1437 2353 1582 2391 satiata

1602 1384 1638 1412 10

1606 1735 1641 1762 15

259 2444 377 2483 siccis
399 2442 528 2481 oeulis
550 2439 777 2490 composito
798 2436 915 2473 vultu
940 2433 1112 2474 redibat,
1134 2435 1343 2477 tamquam
1369 2423 1582 2462 orbitatvm
1613 2431 1649 2456 25,

214 2525 233 2554 6
259 2514 362 2552 foris
400 2511 649 2562 reliquisset.
735 2505 999 2545 Praeclarum
1036 2501 1202 2551 quidem
1245 2495 1349 2534 illud
1391 2491 1584 2535 eiusdem,
