1875 2812
230 2349 248 2376 KG

686 208 1031 241 EPISTULARUM
1063 208 1105 238 v.
1136 207 1186 239 10.
1545 197 1597 240 71

272 322 417 361 acerba
450 334 608 372 semper
642 326 683 360 et
714 322 921 360 inmatura
954 334 1062 359 mors
1092 333 1230 359 eorum
1263 320 1332 369 qui
1367 319 1599 357 immortale

271 392 432 442 aliquid
460 395 618 441 parant.
677 392 786 429 Nam
817 391 889 441 qui
928 391 1212 440 voluptatibus
1247 389 1379 427 dediti
1409 389 1527 438 quasi
1555 389 1599 426 in

271 462 381 500 diem
419 462 567 499 vivunt
605 461 774 499 vivendi
811 473 956 499 causas
990 461 1141 498 cotidie
1175 459 1348 507 finiunt,
1397 459 1469 508 qui
1502 471 1598 496 vero

270 536 456 582 posteros
486 531 670 580 cogitant
700 536 740 569 et
774 531 1013 568 memoriam
1042 530 1105 568 sui
1135 529 1327 579 operibus
1357 529 1597 576 extendunt,

270 602 336 640 his
357 601 472 639 nulla
498 614 606 639 mors
633 614 715 638 non
734 601 951 650 repentina
971 603 1045 647 est,
1066 604 1113 637 ut
1133 611 1237 649 qnae
1259 610 1419 648 semper
1439 598 1599 635 incoha-

270 675 359 709 tum
380 671 539 720 aliquid
559 671 786 720 abrumpat.
829 670 958 709 Gaius
979 670 1145 719 quidem
1162 669 1357 716 Fannius,
1375 668 1484 717 quod
1500 667 1600 705 acci-

271 741 345 789 dit,
367 740 498 778 multo
519 744 614 778 ante
634 740 876 790 praesensit.
934 740 1058 778 Visus
1080 742 1142 776 est
1163 738 1240 776 sibi
1262 750 1333 787 per
1356 741 1599 775 nocturnam

271 809 454 859 quietem
482 810 613 848 iacere
643 810 686 847 in
716 809 866 847 lectulo
896 807 1248 858 suocompositus
1272 807 1315 844 in
1341 807 1487 845 habitu
1514 810 1598 845 stu-

271 880 421 927 dentis,
442 880 593 917 habere
615 883 709 917 ante
731 891 772 917 se
795 879 992 917 scrinium
1016 879 1094 928 (ita
1114 877 1313 929 solebat):
1345 888 1440 914 mox
1460 875 1600 924 imagi-

270 953 393 988 natus
417 954 479 987 est
500 949 663 987 venisse
689 949 910 996 Neronem,
932 948 975 985 in
999 952 1088 985 toro
1114 947 1326 994 resedisse,
1348 946 1598 996 prompsisse

271 1019 450 1069 primum
472 1019 623 1056 librum
645 1031 767 1068 quem
788 1019 837 1056 de
867 1017 1088 1055 sceleribus
1110 1017 1197 1055 eius
1219 1016 1405 1054 ediderat
1425 1028 1599 1065 eumque

271 1089 324 1127 ad
344 1094 572 1126 extremum
590 1088 826 1135 revolvisse,
844 1088 953 1125 idem
974 1087 1017 1124 in
1034 1087 1212 1125 secundo
1233 1098 1279 1124 ac
1299 1086 1421 1123 tertio
1437 1085 1597 1133 fecisse,

271 1163 370 1197 tunc
391 1159 535 1196 abisse.
595 1158 779 1207 Expavit
809 1161 849 1195 et
879 1157 937 1196 sic
967 1157 1263 1206 interpretatus
1294 1159 1367 1203 est,
1389 1159 1599 1204 tamquam

273 1229 381 1266 idem
420 1228 499 1266 sibi
538 1228 703 1265 futurus
743 1231 851 1266 esset
885 1226 1091 1265 scribendi
1125 1225 1220 1264 finis
1255 1225 1327 1274 qui
1355 1225 1506 1263 fuisset
1535 1224 1599 1262 illi

272 1298 446 1347 legendi,
478 1302 518 1335 et
548 1298 630 1334 fuit
659 1297 779 1334 idem.
837 1297 955 1342 Quod
984 1309 1047 1334 me
1077 1284 1359 1333 recordantem
1388 1294 1600 1332 miseratio

273 1368 384 1406 subit
423 1371 623 1417 qnantum
664 1366 911 1415 vigiliarum,
944 1369 1146 1415 quantum
1178 1365 1329 1402 laboris
1363 1364 1600 1402 exhauserit

272 1438 439 1475 frustra.
498 1437 725 1475 Occursant
755 1436 892 1473 animo
923 1448 1012 1473 mea
1043 1434 1285 1481 mortalitas,
1314 1446 1403 1472 mea
1434 1434 1596 1483 scripta.

273 1508 360 1545 Nec
382 1506 525 1544 dubito
552 1510 592 1543 te
623 1517 784 1554 quoque
810 1505 950 1542 eadem
980 1504 1227 1553 cogitatione
1248 1503 1392 1541 terreri
1413 1515 1486 1553 pro
1507 1503 1599 1541 istis

273 1589 376 1625 quae
410 1576 520 1613 inter
558 1588 703 1613 manus
742 1575 879 1613 habes.
938 1574 1129 1620 Proinde,
1160 1574 1254 1610 dun]
1288 1573 1472 1622 suppetit
1501 1573 1598 1619 vita,

273 1646 477 1683 enitamur
507 1649 553 1682 ut
581 1657 690 1682 mors
720 1656 842 1693 quam
872 1643 1122 1693 paucissima
1151 1655 1255 1692 quae
1280 1642 1440 1680 abolere
1467 1641 1600 1691 possit

273 1715 469 1753 inveniat.
528 1714 642 1752 Vale.

837 1812 905 1852 58.
946 1811 1034 1863 (X.)

404 1925 442 1957 C.
474 1924 664 1956 PLINIUS
697 1923 933 1955 SUETONIO
967 1922 1278 1963 TRANQUILLO
1310 1922 1398 1954 SUO
1431 1922 1465 1954 S.

277 2029 469 2062 Suetonius
488 2030 516 2060 is
535 2028 662 2068 bryssml
682 2032 739 2059 not
757 2031 790 2059 co
809 2028 910 2066 delas]
928 2028 1050 2066 {anyer
1066 2027 1121 2058 clm
1134 2027 1357 2066 ριιῖιῖἰσαιίοη
1376 2027 1417 2066 of
1429 2026 1484 2057 his
1498 2025 1599 2057 work.

328 2132 477 2170 Libera
498 2131 664 2169 tandein
691 2129 1130 2179 hendecasyllaboruin
1160 2142 1340 2167 meorum
1371 2128 1506 2175 fidem,
1528 2128 1598 2177 qui

276 2202 431 2251 scripta
464 2206 537 2238 tua
567 2200 851 2238 communibus
891 2199 1033 2236 amicis
1073 2199 1391 2248 spoponderunt.
1452 2197 1600 2247 Appel-

276 2271 414 2309 lantur
449 2270 600 2307 cotidie
635 2274 675 2306 et
709 2268 964 2316 flagitantur,
997 2280 1042 2305 ac
1077 2268 1158 2305 111111
1194 2267 1430 2317 periculum
1453 2275 1516 2305 est
1549 2279 1599 2303 ne

276 2344 474 2389 cogantur
512 2340 564 2377 ad
602 2338 879 2376 exhibendum
918 2337 1139 2375 formulam
1178 2337 1371 2386 accipere.
1432 2337 1527 2373 Sum
1559 2340 1633 2372 et·

276 2410 364 2459 ipsc
386 2409 428 2446 in
449 2408 606 2446 edendo
632 2408 868 2453 haesitator,
891 2411 935 2444 tu
966 2411 1101 2444 tamen
1134 2419 1263 2443 nicam
1295 2418 1455 2455 quoque
1485 2418 1600 2441 cunc-

277 2479 476 2517 tationem
496 2477 818 2525 tarditatemque
841 2476 988 2513 vicisti.
1048 2475 1226 2512 Proinde
1248 2479 1319 2513 aut
1349 2487 1489 2524 rumpe
1518 2474 1599 2511 111111

1625 603 1643 631 (ΙΙ

1628 956 1664 984 10

1628 1304 1664 1332 15
