1875 2812
644 191 989 223 EPISTULARUM
1022 191 1084 222 IV.
1113 192 1167 222 22.
1514 184 1566 225 65

242 307 410 358 quidem
439 318 550 343 meos
580 309 720 343 cantat
749 305 874 343 etiam
906 305 1141 355 formatque
1167 305 1338 353 cithara,
1361 318 1442 343 11011
1476 306 1569 343 arti-

242 378 316 415 fice
339 377 478 426 aliquo
499 376 762 423 docentesed
794 388 942 424 amore,
964 376 1033 425 qui
1056 376 1252 423 magister
1283 379 1345 413 est
1376 376 1565 425 optimus.

197 459 215 487 5
243 448 324 486 His
350 460 400 484 ex
424 446 558 484 causis
591 446 634 483 in
667 458 780 495 spem
812 446 1086 484 certissimam
1119 446 1298 483 adducor
1330 450 1566 495 perpetuam

245 517 361 556 nobis
400 516 678 565 maioremque
718 516 760 553 in
808 516 895 554 dies
934 516 1118 553 futuram
1165 528 1252 553 esse
1299 516 1567 553 concordiam.

244 589 339 625 Non
378 586 488 624 enim
526 589 702 624 aetatem
743 598 875 623 meam
914 589 985 623 aut
1011 598 1181 635 corpus,
1221 598 1323 634 quae
1371 585 1568 634 paulatim

198 668 217 696 6
245 657 438 696 occidunt
472 668 516 694 ac
552 660 782 703 senescunt,
815 656 885 693 sed
924 655 1096 704 gloriam
1127 655 1277 702 diligit.
1336 655 1423 692 Nec
1457 655 1570 692 aliud

245 729 362 767 decet
380 728 465 766 tuis
492 727 681 765 manibus
712 726 938 772 educatam,
961 725 1043 763 tuis
1074 725 1302 774 praeceptis
1323 724 1570 772 institutam,

246 811 350 849 quae
371 798 477 836 nihil
498 798 541 835 in
562 797 831 836 contubernio
856 801 926 834 tuo
948 795 1101 838 viderit
1121 795 1202 832 nisi
1224 798 1410 833 sanctum
1432 794 1572 831 hones-

246 873 429 918 tumque,
463 880 566 918 quae
605 868 782 917 denique
821 878 957 904 amare
988 877 1051 902 me
1083 877 1133 902 ex
1166 868 1238 902 tua
1269 864 1571 914 praedicatione

202 947 218 976 7
246 938 517 977 consueverit.
592 938 702 975 Nam
749 950 841 974 cum
880 940 1053 973 matrem
1092 947 1223 972 meam
1264 933 1446 983 parentis
1485 933 1571 971 vice

248 1008 460 1055 verereris,
491 1020 555 1045 me
585 1020 608 1045 a
637 1007 815 1057 pueritia
848 1005 989 1044 statim
1019 1005 1208 1052 formare,
1240 1004 1405 1041 laudare
1436 1003 1574 1040 talem-

202 1082 220 1110 8
249 1091 328 1128 que
350 1078 484 1128 qualis
504 1090 613 1115 1111110
634 1076 751 1114 uxori
772 1088 886 1114 meae
902 1075 1043 1112 videor
1060 1074 1233 1111 ominari
1255 1073 1424 1111 solebas.
1484 1074 1574 1111 Cei·-

248 1149 371 1186 tatim
392 1160 487 1196 ergo
507 1147 584 1185 tibi
615 1146 768 1195 gratias
790 1146 961 1194 agimus,
984 1157 1058 1192 ego
1089 1144 1198 1193 quod
1230 1143 1345 1180 illam
1366 1142 1479 1190 1111111,
1502 1142 1575 1180 11111

249 1219 359 1269 quod
380 1230 443 1255 me
464 1217 544 1256 sibi
565 1216 739 1265 dederis,
762 1215 881 1266 quasi
903 1214 1076 1252 invicem
1101 1213 1281 1262 elegeris.
1340 1212 1454 1251 Vale.

767 1360 835 1399 52.
875 1358 1056 1408 (xxxii.)

454 1466 494 1499 C.
528 1465 718 1498 PLINIUS
751 1464 1025 1496 SEMPRONIO
1059 1462 1186 1494 RUFO
1220 1462 1308 1494 SUO
1341 1461 1374 1493 S.

469 1558 559 1589 How
576 1558 691 1597 boldlgs
708 1557 843 1589 chnz‘as
861 1557 1042 1587 Mauricus
1059 1556 1162 1595 spoli-e
1181 1556 1235 1586 liis
1253 1554 1358 1585 mind.

207 1648 223 1677 1
305 1645 489 1684 Interfui
519 1644 718 1695 principis
750 1644 894 1693 optimi
926 1643 1163 1689 cognitioni,
1193 1642 1235 1678 in
1266 1640 1482 1678 consilium
1513 1638 1578 1676 ad-

253 1719 453 1765 sumptus.
514 1714 742 1765 Gymnicus
763 1726 865 1761 agon
889 1713 997 1762 apud
1020 1713 1273 1750 Viennenses
1296 1723 1345 1746 ex
1366 1708 1576 1746 cuiusdam

252 1789 502 1823 testamento
531 1784 824 1822 celebrabatur.
884 1783 1007 1819 Hunc
1037 1781 1264 1819 Trebonius
1296 1779 1482 1824 Rufinus,
1515 1776 1578 1813 vir

253 1856 441 1904 egregius
468 1855 667 1904 nobisque
692 1854 858 1899 amicus,
880 1854 923 1890 in
948 1851 1213 1890 duumviratu
1238 1849 1464 1887 tollendum
1491 1848 1579 1885 abo-

254 1925 502 1975 lendumque
537 1924 708 1963 curavit.
778 1923 1018 1971 Negabatur
1052 1935 1102 1959 ex
1136 1920 1380 1958 auctoritate
1416 1917 1577 1967 publica

207 1998 225 2027 2
253 1995 413 2033 fecisse.
482 1995 581 2044 Egit
620 1995 707 2044 ipse
745 2006 909 2031 causam
949 2005 1029 2029 non
1068 1991 1203 2028 minus
1242 1988 1419 2026 feliciter
1458 1995 1612 2035 quam⁴

254 2065 418 2103 diserte.
491 2064 800 2103 Conmendabat
834 2063 1035 2100 actionem
1070 2060 1178 2110 (111011
1212 2063 1421 2107 tamquam
1460 2056 1580 2092 homo

255 2135 466 2173 Romanus
487 2139 528 2172 et
547 2134 676 2172 bonus
697 2133 800 2171 civis
822 2133 863 2169 in
885 2131 1048 2178 negotio
1070 2143 1142 2168 suo
1163 2133 1320 2166 mature
1342 2131 1381 2164 et
1402 2125 1580 2173 graviter

209 2207 227 2235 3
255 2204 510 2254 loquebatur.
570 2204 671 2242 Cum
700 2202 928 2241 sententiae
957 2203 1282 2251 perrogarentur,
1304 2196 1409 2233 dixit
1436 2194 1580 2231 Iunius

255 2274 478 2321 Mauricus,
510 2286 590 2323 quo
620 2273 708 2310 viro
738 2272 842 2309 1111111
874 2271 1046 2311 firmins,
1078 2269 1182 2306 nihil
1214 2267 1361 2311 verius,
1384 2278 1462 2302 non
1493 2276 1579 2300 csso

256 2344 558 2382 restituendum
581 2342 886 2381 Viennensibus
907 2353 1058 2389 agona:
1093 2338 1241 2377 adiecit
1264 2336 1432 2372 wellem
1458 2334 1578 2371 etiam

210 2417 228 2444 4
274 2415 412 2452 {omae
443 2414 535 2451 tolli
567 2413 732 2463 posset.'
791 2410 1084 2453 ‘Constantem’
1116 2407 1265 2456 inquis,
1298 2410 1361 2442 ‘ct
1392 2402 1579 2441 fortiters

257 2483 446 2529 Quidni?
478 2483 549 2521 Sed
569 2483 644 2520 1100
665 2495 688 2520 a
708 2481 893 2519 Mauris—0
917 2493 1066 2517 novum
1095 2491 1175 2515 non
1201 2480 1272 2513 cst.
1334 2475 1447 2511 Idem
1472 2471 1580 2521 apud

1603 945 1636 972 10

1606 1646 1641 1674 15
