1875 2812
209 1609 227 1637 10

212 2516 231 2545 5

657 218 1005 250 EPISTULARUM
1038 219 1100 249 11.
1129 219 1180 249 ,15
1525 210 1578 251 67

250 345 354 381 mus,
389 332 539 371 studiis
577 332 803 382 periclitati
841 346 993 380 sumus,
1033 344 1256 382 rursusque
1296 330 1578 382 processimus.

251 403 506 441 Profuerunt
528 402 646 440 nobis
670 403 869 440 bonorum
894 402 1114 449 amicitiae,
1136 402 1333 439 bonorum
1359 402 1581 439 obfuerunt

251 474 483 523 iterumque
504 476 688 523 prosunt.
749 473 792 511 Si
809 477 1006 522 conputes
1028 485 1168 519 annos,
1191 472 1384 520 exiguum
1405 475 1578 521 tempus,

251 543 287 581 si
319 543 431 581 vices
465 555 614 590 rerum,
647 555 792 580 aevum
831 546 962 592 putes.
1021 542 1138 586 Quod
1168 545 1304 591 potest
1338 554 1425 579 esse
1465 541 1582 578 docu-

251 617 390 651 mento
414 612 521 650 nihil
546 612 775 662 desperare⁷
798 612 903 649 nulli
924 611 981 649 rei
1005 603 1143 659 fidere,
1166 623 1258 648 cum
1283 611 1494 648 videamus
1519 614 1581 648 tot

251 683 474 721 varietates
513 686 599 720 tam
638 681 811 719 volubili
854 682 949 719 orbe
987 681 1220 730 circumagi.
1298 680 1404 717 Mihi
1443 684 1581 717 autem

250 753 459 791 familiare
488 755 551 790 est
581 764 721 790 omnes
752 751 1023 800 cogitationes
1054 763 1164 789 ineas
1199 754 1333 788 tecum
1364 749 1583 787 communi-

252 835 343 861 care
372 823 586 872 isdemque
620 826 660 859 te
699 821 766 859 161
804 821 1036 871 praeceptis
1074 820 1139 858 vel
1178 819 1379 869 exemplis
1418 831 1581 856 111011616

253 893 402 942 quibus
428 892 517 942 ipse
544 904 609 929 me
636 903 802 939 moneo3
834 903 937 941 quae
967 891 1073 928 ratio
1102 889 1225 928 huius
1256 889 1457 939 epistulae
1487 888 1579 926 fuit.

252 962 367 1001 Vale.

779 1040 848 1079 54.
889 1038 1059 1089 (XXV.)

470 1139 509 1171 C.
545 1137 736 1169 PLINIUS
768 1136 942 1168 MESSIO
975 1135 1175 1167 MAXIMO
1210 1134 1298 1167 SUO
1331 1134 1364 1166 S.

572 1240 576 1242 ·
592 1227 709 1258 Abuse
728 1227 834 1266 osche
853 1226 963 1257 ballol
983 1227 1017 1256 ιή
1033 1225 1087 1256 the
1107 1224 1244 1256 Senate.

310 1316 563 1366 Scripseram
593 1314 669 1352 tibi
700 1313 924 1351 verendum
951 1325 1038 1350 esse
1064 1325 1114 1349 116
1137 1324 1187 1349 ex
1211 1311 1349 1349 tacitis
1373 1310 1581 1358 suffragiis

254 1387 404 1425 vitium
435 1385 603 1435 aliquod
633 1384 841 1421 existeret.
900 1384 1073 1420 Factum
1100 1386 1172 1419 est.
1231 1380 1437 1418 Proximis
1465 1380 1584 1417 comi-

254 1457 326 1495 tiis
361 1457 404 1494 in
439 1455 685 1505 quibusdam
720 1453 886 1491 tabellis
920 1452 1051 1490 multa
1079 1451 1278 1489 iocularia
1307 1455 1428 1500 atque
1459 1450 1582 1487 etiam

255 1527 378 1565 foeda
412 1526 537 1572 dictu,
573 1524 616 1561 111
649 1536 732 1561 una
766 1536 861 1560 vero
895 1535 968 1572 pro
1002 1522 1313 1559 candidatorum
1348 1520 1582 1557 nominibus

257 1597 573 1644 suffragatorum
603 1593 769 1631 nomina
795 1593 966 1630 inventa
991 1596 1095 1630 sunt.
1155 1590 1390 1628 Excanduit
1419 1594 1583 1627 senatus

256 1678 485 1715 magnoque
515 1665 691 1702 clamore
726 1663 762 1700 ei
798 1663 869 1712 qui
905 1662 1141 1711 scripsisset
1175 1661 1325 1698 iratum
1355 1659 1584 1709 principem

257 1741 320 1775 est
348 1739 640 1786 comprecatus.
701 1733 779 1770 Ille
810 1737 949 1770 tamen
978 1731 1133 1769 fefellit
1167 1735 1207 1768 et
1242 1730 1375 1777 latuit„
1407 1730 1583 1766 fortasse

257 1808 383 1845 etiam
409 1807 517 1844 inter
544 1804 809 1853 indignantes
840 1802 933 1840 fuit.
993 1801 1099 1846 Quid
1125 1801 1233 1838 hunc
1258 1804 1450 1850 putamus
1476 1798 1584 1836 domi

256 1878 405 1924 facere,
432 1875 503 1925 qui
528 1875 572 1912 111
594 1878 713 1912 tanta
733 1886 774 1910 re
800 1877 883 1910 tam
910 1872 1016 1910 serio
1041 1875 1222 1920 tempore
1246 1875 1331 1907 tam
1359 1868 1584 1907 scurriliter

256 1948 385 1993 ludat,
408 1945 479 1996 qui
499 1944 677 1994 denique
702 1943 868 1981 omnino
892 1942 933 1978 in
955 1946 1100 1979 senatu
1124 1940 1243 1977 dicax
1270 1943 1310 1976 et
1339 1939 1518 1976 urbanus
1545 1941 1585 1974 et

256 2017 391 2055 bellus
416 2019 478 2053 est
494 2016 513 2051 ‘L'
572 2015 751 2051 Tantum
776 2011 968 2050 licentiae
994 2010 1132 2060 pravis
1163 2009 1339 2057 ingeniis
1364 2008 1490 2045 adicit
1513 2006 1585 2043 illa

257 2086 409 2124 fiducia
443 2084 561 2135 ‘quis
596 2083 706 2121 6111111
738 2082 838 2120 sciet
857 2081 899 2118 ·.’⁷
971 2080 1165 2130 Poposcit
1203 2078 1408 2124 tabellam,
1442 2076 1584 2114 stilum

259 2156 427 2206 accepit,
459 2154 628 2193 demisit
661 2156 795 2202 caput,
826 2151 1033 2189 neminem
1067 2153 1242 2195 16161111,
1275 2161 1315 2185 se
1348 2145 1582 2184 ‹³‹‘›1iteinnit.

258 2227 363 2264 Inde
387 2226 470 2264 ista
492 2223 673 2262 ludibria
701 2234 847 2261 scaena
872 2225 911 2259 et
942 2220 1104 2270 pulpito
1134 2219 1267 2267 digna.
1327 2218 1412 2262 Quo
1442 2221 1481 2253 te
1503 2228 1587 2251 161-

257 2299 352 2335 tas?
402 2307 506 2345 quae
545 2293 726 2332 remedia
764 2291 1014 2341 conquiras?
1064 2290 1215 2338 ubique
1254 2288 1356 2324 111111
1394 2285 1584 2323 remediis

258 2366 443 2405 fortiOra.
502 2364 625 2403 Ἀλλὰ
653 2366 766 2401 ταῦτα
795 2365 847 2413 τῷ
875 2363 964 2411 ὑπὲρ
995 2362 1089 2410 ἡμᾶς
1118 2360 1283 2408 μελήσει,
1315 2357 1378 2394 Cili
1410 2355 1584 2392 multum

258 2437 409 2476 cotidie
447 2434 696 2483 vigiliarum,
737 2433 913 2470 multum
953 2430 1103 2468 laboris
1143 2428 1269 2466 adicit
1309 2427 1408 2464 haec
1446 2429 1587 2462 nostra

259 2507 370 2547 iners
399 2509 441 2546 61
470 2509 609 2544 tamen
640 2504 840 2542 effrenata
870 2500 1112 2551 petulantia.
1174 2498 1283 2536 Vale.

1610 966 1646 994 10

1612 1595 1647 1623 15

1613 1941 1649 1968 2⁴]

1613 2292 1649 2318 25·
