1875 2812
683 197 1030 233 EPISTULARUM
1062 197 1105 227 x.
1133 194 1188 226 96.
1511 179 1595 220 125

699 374 825 433 ¹108.
865 368 1143 421 (LXXXIX.)

687 483 935 518 TRAIANUS
966 480 1128 514 PLINIO
1160 480 1193 512 S.

774 587 943 629 Trajcm’s
960 595 1105 619 answer.

232 713 248 742 1
331 700 522 748 Agnosco
542 699 639 733 vota
658 698 742 741 tua,
764 692 821 730 mi
843 689 1028 729 Secunde
1054 686 1276 733 carissime,
1299 683 1447 733 quibus
1472 692 1607 731 preca-

279 771 336 808 ris
356 773 403 807 ut
423 767 623 818 plurimos
653 768 694 802 et
723 761 988 801 felicissimos
1017 757 1177 796 natales
1206 755 1377 793 florente
1408 755 1519 790 statu
1548 749 1607 787 rei

280 839 469 892 publicae
489 840 653 876 nostrae
674 846 804 882 agam.

781 1000 880 1040 109.
919 995 1105 1048 (XCVI.)

523 1117 561 1149 C.
594 1113 784 1148 PLINIUS
815 1109 1034 1144 TRAIANO
1066 1104 1381 1139 IMPERATORI.

290 1227 398 1266 Pliny
424 1224 506 1257 asks
526 1219 851 1264 sorrinstructz'ons
877 1217 953 1248 how
984 1219 1018 1246 to
1051 1217 1140 1245 creat
1172 1212 1226 1244 the
1264 1209 1464 1242 Christians
1496 1207 1534 1238 in
1562 1205 1617 1237 his

863 1277 1040 1317 province.

246 1379 263 1407 1
346 1369 552 1409 Sollemne
573 1369 636 1404 est
655 1363 771 1411 mihi,
793 1361 970 1407 1101111116,
992 1358 1130 1396 onmia
1150 1356 1200 1394 de
1224 1354 1373 1414 quibus
1401 1351 1543 1389 dubito
1567 1349 1620 1387 ad

292 1446 333 1479 te
366 1439 531 1477 referre.
589 1435 688 1481 Quis
723 1432 832 1470 6111111
866 1432 1003 1480 potest
1037 1426 1185 1465 melius
1219 1424 1285 1462 vel
1315 1420 1620 1461 cunctationem
1647 1424 1666 1453 5

295 1522 427 1548 meam
447 1518 587 1556 regere
610 1504 676 1542 vel
707 1500 982 1551 ignorantiam
1011 1498 1215 1535 instruere
1231 1496 1251 1532 ‘?
1307 1489 1622 1541 Cognitionibus

297 1581 347 1618 de
379 1575 630 1618 Christianis
660 1571 835 1611 interfui
869 1579 1116 1617 numquam:
1159 1565 1250 1602 ideo
1284 1562 1422 1600 nescio
1451 1559 1552 1609 quid
1581 1562 1624 1596 et

251 1661 268 1688 2
297 1655 501 1700 quatenus
523 1650 593 1685 aut
614 1643 753 1695 puniri
784 1640 913 1680 soleat
943 1641 1015 1676 aut
1038 1635 1190 1686 quaeri.
1248 1633 1336 1670 Neo
1365 1628 1640 1668 mediocriter·

298 1718 502 1758 haesitavi
534 1716 640 1755 sitne
670 1711 838 1762 aliquod
867 1708 1089 1747 discrimen
1115 1708 1296 1743 aetatum
1327 1715 1378 1740 an
1398 1699 1626 1750 quamlibet

299 1789 433 1828 teneri
454 1786 561 1825 nihil
589 1798 612 1823 a
637 1780 937 1821 robustioribus
967 1776 1174 1822 differant,
1197 1774 1318 1811 detur
1347 1769 1626 1821 paenitentiae
1656 1774 1692 1802 10

302 1859 424 1897 venia
443 1870 496 1895 an
516 1856 553 1894 ei
575 1854 645 1904 qui
667 1851 832 1890 0111111110
853 1847 1114 1887 Christianus
1135 1844 1220 1881 fuit
1247 1841 1401 1879 (lesisse
1431 1852 1511 1876 non
1542 1850 1629 1887 pro-

303 1929 370 1977 sit,
392 1938 540 1965 nomen
561 1925 709 1974 ipsum,
732 1921 767 1959 si
787 1918 959 1968 flagitiis
984 1918 1130 1961 careat,
1152 1926 1204 1951 an
1233 1910 1393 1960 flagitia
1416 1908 1630 1946 cohaeren-

303 2000 364 2037 tia
383 1996 539 2035 nomini
562 1993 797 2044 puniantur.
848 1987 1023 2026 Interim
1044 1986 1086 2022 in
1104 1985 1162 2022 eis
1179 1983 1250 2032 qui
1268 1981 1318 2019 ad
1339 1992 1402 2017 me
1418 1983 1626 2027 tamquam

259 2078 277 2105 3
306 2065 533 2107 Christiani
559 2061 851 2102 deferebantur
880 2058 989 2095 huno
1021 2067 1110 2093 sum
1140 2056 1303 2091 secutus
1333 2049 1508 2087 modum.
1566 2047 1631 2083 In-

306 2135 512 2185 terrogavi
533 2135 643 2184 ipsos
664 2145 716 2170 an
737 2133 874 2167 essent
904 2124 1142 2166 Christiani.
1202 2121 1454 2160 Confitentes
1482 2118 1631 2154 iterum
1660 2120 1696 2148 15

308 2220 353 2246 ao
373 2206 498 2245 tertio
520 2200 784 2249 interrogavi,
807 2196 1052 2247 supplicium
1087 2194 1288 2230 minatus:
1321 2189 1633 2239 perseverantes

309 2277 403 2315 (11161
434 2274 546 2312 iussi.
604 2272 749 2320 Neque
781 2269 890 2306 enim
920 2264 1172 2309 dubitabam,
1200 2259 1495 2310 qualecumque
1526 2258 1634 2293 esset

310 2346 419 2396 quod
448 2345 691 2387 faterentur,
714 2337 982 2389 pertinaoiam
1010 2337 1118 2371 certe
1148 2336 1188 2369 et
1218 2327 1485 2367 inflexibilem
1514 2324 1635 2362 obsti-

265 2429 284 2456 4
312 2415 521 2454 nationem
551 2411 697 2449 debere
726 2407 876 2458 puniri.
934 2406 1119 2442 Fuerunt
1149 2400 1221 2438 alii
1254 2397 1402 2436 similis
1433 2394 1634 2433 amentiae

313 2497 426 2536 quos,
449 2482 546 2533 quia
565 2481 675 2518 cives
701 2475 878 2516 Romani
908 2476 1036 2520 erant,
1059 2468 1253 2509 adnotavi
1275 2468 1319 2505 in
1340 2466 1481 2504 urbem
1500 2463 1636 2501 remit·
1664 2470 1701 2496 20
