1875 2812
178 645 193 672 1

175 1969 192 1995 (i

646 168 990 200 Eris'rULARUM
1022 169 1048 200 1.
1080 168 1128 201 16.
1497 161 1549 202 13

751 317 819 355 12.
867 316 1020 368 (XVI.)

558 428 596 462 C.
628 416 820 461 PLinius
854 429 1031 461 nuncio
1065 430 1153 462 suo
1186 429 1218 462 s.

618 533 869 567 Saturninus's
892 545 996 574 many
1016 537 1156 567 talents.

276 633 479 671 Amabam
509 633 754 683 Pompeium
787 634 1067 681 Saturninum,
1107 633 1214 671 hunc
1237 634 1327 672 dico
1347 638 1546 683 nostrum,

223 704 524 752 laudabamque
572 703 659 741 eius
709 703 933 752 ingenium,
975 704 1100 741 etiam
1144 708 1364 753 antequam
1403 704 1548 742 scirem

223 785 346 822 quain
384 773 556 820 varium,
597 785 721 822 quain
764 772 957 820 flexibile,
998 786 1118 822 quam
1160 773 1379 823 multiplex
1417 778 1545 812 esset:

222 856 331 880 nunc
351 855 447 880 vero
466 846 600 880 totuin
622 855 685 880 me
706 847 831 890 tenet,
854 836 990 889 habet,
1013 843 1207 892 possidet.
1256 843 1383 881 Audii
1404 856 1547 882 causas

222 917 412 961 agentem
442 913 590 950 acriter
620 917 661 950 et
691 913 882 950 ardenter
911 925 985 949 nec
1016 913 1151 950 minus
1182 913 1309 962 polite
1330 917 1371 950 et
1391 918 1546 961 ornate,

223 983 308 1021 sive
333 982 534 1020 meditata
561 983 647 1020 sive
678 982 815 1020 subita
844 982 1058 1032 proferret.
1118 982 1283 1020 Adsunt
1317 986 1437 1032 aptae
1469 995 1548 1020 cre-

222 1053 399 1101 braeque
421 1052 661 1100 sententiae,
684 1052 820 1101 gravis
840 1056 882 1089 et
906 1052 1052 1089 decora
1075 1052 1336 1099 constructio,
1360 1053 1548 1091 sonantia

222 1123 346 1160 verba
366 1127 406 1160 et
426 1122 608 1171 antiqua.
664 1122 813 1160 Omnia
832 1122 930 1159 haec
951 1122 1052 1158 inire
1073 1121 1250 1171 placent,
1273 1134 1364 1159 011111
1389 1122 1547 1171 impetu

222 1193 398 1241 quodam
419 1196 460 1229 et
480 1191 647 1234 flumine
677 1192 970 1241 pervehuntur,
993 1191 1168 1240 placent,
1195 1191 1229 1229 si
1260 1195 1544 1229 retractentur.

223 1261 382 1299 Senties
404 1262 514 1310 quod
534 1274 618 1309 ego,
640 1274 730 1298 cun]
753 1261 957 1299 orationes
979 1261 1067 1299 eius
1087 1260 1131 1298 in
1147 1273 1290 1298 manus
1309 1261 1545 1310 sumpseris,

221 1343 323 1381 quas
353 1331 477 1368 facile
507 1331 677 1368 cuilibet
707 1335 903 1377 veterum,
925 1344 1098 1379 quorum
1132 1334 1195 1368 est
1224 1330 1422 1377 aemulus,
1444 1343 1546 1368 com-

221 1401 397 1451 parabis.
457 1401 572 1438 Ideni
605 1404 743 1438 tamen
775 1401 817 1437 in
851 1401 1026 1438 historia
1056 1402 1187 1450 magis
1220 1402 1449 1440 satisfaciet
1480 1401 1545 1439 vel

220 1470 424 1508 brevitate
454 1470 519 1507 vel
550 1470 639 1507 luce
669 1470 734 1507 vel
767 1470 971 1508 suavitate
1002 1471 1068 1508 vel
1103 1471 1319 1521 splendore
1352 1471 1476 1508 etiam
1505 1474 1547 1508 et

222 1540 477 1587 sublimitate
518 1540 724 1577 narrandi.
788 1541 897 1578 Nam
940 1540 983 1577 in
1024 1541 1282 1579 contionibus
1324 1541 1432 1578 idem
1476 1541 1545 1589 qui

220 1610 265 1647 in
301 1610 556 1648 orationibus
598 1614 671 1657 est,
716 1610 894 1659 pressior
936 1614 1075 1647 tamen
1118 1614 1158 1648 et
1200 1610 1546 1660 circumscriptior

221 1683 262 1717 et
300 1679 526 1718 adductior.
598 1680 818 1717 Praeterea
855 1679 958 1717 facit
996 1692 1150 1727 versus,
1184 1680 1324 1729 quales
1357 1679 1545 1719 Catullus

221 1753 291 1787 aut
313 1750 476 1788 Calvus.
536 1750 742 1794 Quantum
772 1749 857 1787 illis
888 1749 1051 1799 leporis,
1082 1749 1325 1795 dulcedinis,
1356 1749 1546 1787 amaritu-

221 1819 343 1866 dinis,
365 1819 515 1857 amoris
534 1821 541 1856 1
572 1819 718 1856 inserit
740 1831 848 1865 sane,
872 1819 943 1857 sed
963 1819 1059 1857 data
1080 1831 1214 1868 opera,
1236 1819 1429 1857 mollibus
1451 1818 1546 1855 levi-

220 1889 377 1938 busque
407 1888 666 1926 duriusculos
696 1888 907 1937 quosdam,
935 1892 976 1926 et
1005 1888 1080 1925 hoc
1110 1888 1227 1937 quasi
1257 1888 1445 1927 Catulhis
1476 1892 1546 1925 aut

222 1958 384 1997 Calvus.
431 1958 551 2006 Legit
572 1958 675 1994 1111111
696 1970 826 2007 nuper
847 1957 1069 2007 epistulas,
1093 1958 1232 1995 uxoris
1254 1970 1341 1995 esse
1363 1958 1542 1995 dicebat:

221 2027 416 2065 Plautum
434 2028 498 2065 vel
515 2027 753 2065 Terentium
776 2031 905 2064 metro
926 2027 1101 2064 solutum
1127 2027 1206 2073 legi
1228 2027 1394 2064 credidi.
1435 2027 1544 2071 Quae

222 2097 307 2135 sive
336 2097 477 2135 uxoris
509 2101 616 2144 sunt,
644 2101 691 2134 ut
721 2096 923 2143 adfirmat,
954 2096 1038 2133 sive
1070 2097 1211 2146 ipsius,
1234 2102 1277 2134 ut
1300 2101 1433 2143 negat,
1457 2097 1542 2145 pari

221 2166 352 2214 gloria
382 2166 530 2215 dignus
563 2166 633 2215 (1111
665 2170 736 2204 aut
767 2166 840 2218 illa
870 2170 1087 2215 componat
1117 2171 1188 2204 aut
1216 2179 1396 2213 uxorein,
1423 2179 1542 2215 quam

220 2236 423 2285 virginem
462 2236 632 2285 accepit,
681 2240 765 2273 tam
805 2236 965 2273 doctam
1011 2235 1262 2284 politamque
1306 2235 1542 2272 reddiderit.

219 2306 296 2343 Est
317 2318 412 2354 ergo
428 2318 586 2343 mecum
608 2317 679 2355 per
702 2305 812 2342 diem
833 2309 986 2342 totum:
1018 2305 1191 2342 eundem
1213 2310 1431 2354 autequam
1453 2305 1545 2342 scri-

218 2377 324 2423 bam,
355 2376 529 2413 eundem
559 2388 649 2412 cuni
680 2375 837 2424 scripsi,
867 2376 1040 2412 eundem
1070 2375 1192 2412 etiam
1223 2388 1310 2411 cuni
1349 2375 1542 2414 remittor,

219 2458 300 2483 non
320 2449 530 2494 tamqnam
551 2445 724 2481 eundem
749 2444 850 2491 lego.
909 2444 1023 2489 Quod
1046 2448 1085 2481 te
1107 2457 1267 2492 (1110(1110
1290 2448 1335 2480 ut
1356 2444 1483 2481 facias
1504 2448 1537 2479 el

1577 1274 1611 1301 10

1574 1966 1611 1993 20

1573 2312 1609 2338 27»
