1859 2828
170 1419 208 1447 10

169 1768 205 1796 15

165 2474 182 2502 10

184 2475 201 2501 :51

236 226 289 268 86
805 231 845 266 C.
877 232 1010 264 PLINI

233 348 349 387 exitu
387 348 475 387 eius
515 349 619 387 scire
647 348 831 387 voluisti.
890 348 1038 386 Finem
1076 356 1171 398 ergo
1208 347 1372 386 faciam.
1432 349 1575 388 Unum
1600 355 1638 384 22

234 419 410 457 adiciam
445 419 585 457 onmia
618 431 682 457 me
712 419 864 469 quibus
894 419 1168 457 interfueram
1198 430 1384 468 quaeque
1416 418 1572 466 statim,

232 502 326 528 cum
364 489 543 528 maxime
577 502 676 528 vera
713 493 1006 537 memorantur,
1046 489 1259 527 audieram
1298 492 1572 539 persecutum.

233 561 295 598 Tu
317 560 538 611 potissima
557 573 762 610 excerpes.
821 560 952 597 Aliud
982 563 1045 598 est
1075 559 1184 597 enim
1205 559 1429 609 epistulam
1458 559 1575 597 aliud

233 631 465 680 historiam,
487 630 603 669 aliud
623 630 756 669 amico
777 630 892 668 aliud
913 630 1103 668 omnibus
1126 629 1315 668 scribere.
1375 629 1489 669 Vale.
1506 628 1509 630 ⁴

781 772 850 811 71.
891 770 1024 823 (xx.)

571 876 610 908 C.
643 874 835 907 PLINIUS
868 873 1047 906 TACITO
1080 873 1170 906 SUO
1203 873 1238 906 S.

314 971 532 1012 Expertence
550 971 592 1011 of
611 971 721 1010 Pliny
739 970 812 1002 and
828 970 883 1001 his
900 970 1037 1001 mother
1053 970 1186 1009 during]
1204 969 1260 1001 che
1277 970 1440 1009 eruption
1458 969 1500 1010 of

818 1031 998 1063 Vesuvius.

286 1126 364 1164 Ais
394 1130 434 1164 te
464 1126 688 1164 adductum
720 1124 875 1163 litteris
905 1137 1008 1174 quas
1041 1123 1225 1173 exigenti
1255 1123 1332 1162 tibi
1365 1124 1415 1161 de
1444 1127 1573 1162 morte
1602 1133 1618 1161 1

234 1197 430 1236 avunculi
450 1197 530 1234 mei
553 1195 700 1246 scripsi
727 1208 877 1245 cupere
909 1206 1152 1243 cognoscere
1184 1207 1286 1245 quos
1315 1207 1389 1244 ego
1420 1194 1574 1232 Miseni

234 1268 404 1306 relictus
429 1267 490 1317 (id
511 1267 622 1304 enim
644 1266 854 1314 ingressus
885 1265 1149 1317 abruperam)
1172 1277 1254 1302 non
1284 1264 1417 1303 solum
1438 1268 1573 1302 metus

234 1351 377 1377 verum
402 1338 529 1376 etiam
548 1349 666 1375 casus
699 1335 953 1386 pertulerim.
994 1336 1269 1385 ‘Quamquam
1301 1335 1465 1373 animus
1495 1347 1575 1372 1110-

234 1409 405 1448 minisse
444 1409 597 1456 horret,
629 1407 859 1457 incipiam.’
898 1406 1093 1444 Profecto
1126 1405 1330 1444 avunculo
1363 1405 1452 1461 ipse
1484 1405 1574 1443 reli·
1599 1415 1619 1444 2

234 1493 361 1530 (11111111
393 1483 557 1528 tempus
588 1477 739 1515 studiis
773 1477 884 1526 (ideo
913 1476 1023 1514 enim
1056 1477 1353 1528 remanseram)
1375 1475 1570 1526 inpendi:

234 1563 329 1588 mox
349 1549 573 1596 balineum,
595 1560 706 1595 cena,
731 1560 899 1585 somnus
930 1547 1143 1597 inquietus
1175 1550 1216 1584 et
1246 1546 1394 1585 brevis.
1453 1546 1574 1584 Prae·
1600 1556 1619 1584 3

234 1624 414 1659 cesserat
454 1632 525 1669 per
564 1618 716 1655 multos
755 1617 843 1655 dies
883 1621 1037 1654 tremor
1075 1620 1209 1654 terrae
1258 1616 1396 1654 minus
1435 1615 1574 1653 formi—

234 1691 401 1728 dolosus
441 1689 539 1738 quia
577 1688 828 1737 Campaniae
869 1687 1026 1725 solitus.
1104 1686 1188 1725 Illa
1216 1698 1313 1724 vero
1355 1690 1475 1724 nocte
1514 1685 1573 1723 ita

233 1761 413 1798 invaluit
437 1763 484 1797 ut
513 1772 594 1796 non
616 1758 772 1795 moveri
793 1758 931 1795 omnia
952 1758 1022 1795 sed
1044 1757 1149 1795 verti
1171 1756 1446 1794 crederentur.
1508 1756 1572 1793 In-
1599 1766 1617 1793 4

233 1831 391 1881 rumpit
423 1829 657 1868 cubiculum
692 1841 829 1866 meum
860 1832 1010 1866 mater:
1053 1827 1282 1876 surgebam,
1315 1826 1505 1874 invicem,
1537 1826 1571 1864 si

233 1902 476 1951 quiesceret,
499 1899 766 1937 excitaturus.
826 1898 1067 1936 Residimus
1098 1897 1142 1935 in
1172 1910 1268 1946 area
1286 1897 1444 1945 domus,
1467 1908 1571 1946 quae

233 1984 344 2009 mare
367 1984 390 2008 a
411 1970 533 2008 tectis
555 1969 715 2007 modico
748 1969 883 2018 spatio
914 1968 1138 2006 dividebat.
1160 1967 1354 2005 Dubito
1385 1974 1572 2005 constan·
1598 1974 1616 2001 5

233 2042 333 2080 tiam
356 2053 501 2078 vocare
523 2053 573 2077 an
596 2039 905 2089 inprudentiam
928 2038 1122 2086 debeam,
1154 2038 1325 2086 agebam
1345 2037 1455 2074 0111111
1477 2037 1571 2074 (1110-
1647 2030 1654 2034 ’

233 2112 529 2150 devicesimum
565 2123 740 2148 annum:
782 2122 904 2159 posco
944 2108 1095 2146 librum
1131 2108 1215 2145 Titi
1249 2107 1343 2145 Livi
1377 2112 1418 2144 et
1452 2106 1571 2156 quasi

232 2195 304 2232 per
325 2182 456 2219 otium
478 2181 569 2229 lego
590 2184 714 2229 atque
737 2179 874 2225 etiam,
895 2183 939 2216 nt
959 2190 1185 2228 coeperam,
1204 2190 1389 2227 excerpo.
1448 2178 1567 2224 Ecce,

232 2253 387 2291 amicus
415 2249 624 2297 avunculi,
646 2250 717 2299 qui
738 2262 869 2299 nuper
890 2250 943 2287 ad
968 2261 1059 2286 eum
1081 2262 1132 2286 ex
1152 2248 1362 2298 Hispania
1388 2251 1569 2294 Venerat,

231 2328 277 2361 nt
299 2335 362 2360 me
384 2326 425 2359 et
446 2325 619 2359 matrem
642 2320 845 2367 sedentes,
868 2332 931 2356 me
954 2332 1049 2356 vero
1071 2319 1194 2356 etiam
1219 2318 1424 2366 legentem
1442 2317 1568 2364 videt,

231 2393 345 2431 illius
367 2391 627 2442 patientiam,
651 2390 916 2428 securitatem
942 2402 1073 2427 ineam
1099 2388 1291 2438 corripit:
1324 2388 1456 2425 nihilo
1486 2400 1571 2435 scg-

230 2464 324 2501 nins
356 2476 430 2509 ego
463 2462 649 2500 intentus
682 2460 724 2498 in
756 2445 939 2513 libi-unns
978 2460 1066 2497 Iam
1104 2459 1205 2496 hora
1236 2458 1317 2496 diei
1351 2458 1495 2508 prima,
1529 2461 1569 2494 01
1597 2468 1615 2495 15

230 2534 365 2572 adhuc
404 2532 555 2569 dubius
586 2535 627 2569 01
659 2531 775 2581 quasi
811 2529 1031 2578 languidus
1066 2529 1164 2567 dies.
1238 2529 1328 2566 lam
1361 2527 1569 2578 quassatis
