1875 2812
243 1404 261 1433 [θ

672 224 1017 260 EPISTULARUM
1048 223 1131 255 vn.
1155 223 1210 255 27.
1545 212 1597 254 97

272 360 364 386 mea
401 359 482 397 quo
519 345 619 393 loco,
658 342 888 391 iungimur:
931 353 1026 378 nam
1060 338 1163 376 mihi
1197 337 1353 388 primus
1392 335 1462 385 qui
1501 347 1524 372 a
1560 338 1600 372 te

273 417 496 468 proximus.
554 412 813 459 Quinetiam
844 411 886 448 in
916 408 1176 448 testamentis
1205 407 1329 444 debes
1359 405 1597 443 adnotasse:

274 487 357 525 nisi
394 486 487 536 quis
526 485 633 522 forte
671 481 860 521 alterutri
905 483 1091 517 nostrum
1136 476 1421 521 amicissimus,
1461 474 1602 512 eadem

275 558 411 607 legata
444 559 485 593 et
518 554 686 605 quidem
724 551 878 602 pariter
916 549 1150 599 accipimus.
1208 547 1320 592 Quae
1354 545 1489 582 omnia
1523 543 1602 581 huo

277 629 466 678 spectant
499 628 545 662 ut
578 623 755 661 invicem
793 620 1004 659 ardentius
1042 618 1277 666 diligamus,
1308 628 1398 653 eum
1428 617 1490 651 tot
1517 612 1604 650 vin·
1629 621 1647 650 5

277 696 380 735 culis
417 708 491 733 nos
530 693 679 739 studia,
710 703 854 738 mores,
884 690 1008 736 fama,
1039 698 1231 738 suprema
1263 684 1440 734 denique
1477 682 1604 720 homi-

274 779 376 806 num
396 764 551 803 iudicia
570 762 865 810 constringant.
921 759 1035 798 Vale.

776 908 845 947 81.
884 904 1104 956 (xxxv.)

624 1006 665 1038 C.
698 1003 888 1037 PLINIUS
920 1001 1078 1034 SURAE
1112 1000 1199 1032 SUO
1232 998 1265 1031 S.

775 1092 856 1124 Two
874 1092 973 1132 [most
990 1091 1125 1122 scm-ies.
1239 1061 1245 1066 ῃ

336 1187 393 1225 Et
412 1185 517 1223 mihi
538 1182 725 1237 discendi
743 1184 783 1218 et
805 1180 880 1217 tibi
902 1177 1073 1216 docendi
1090 1175 1332 1214 facultatem
1349 1172 1478 1210 otium
1498 1183 1609 1221 prae-

285 1258 366 1296 bet.
423 1255 559 1305 1gitur
593 1264 791 1303 perquam
821 1249 946 1287 velim
981 1247 1095 1293 scire,
1126 1257 1214 1283 esse
1248 1243 1539 1294 phantasmata
1569 1244 1610 1278 et

286 1327 436 1365 habere
470 1323 675 1374 propriam
715 1320 888 1369 figuram
926 1328 1158 1365 numenque
1197 1313 1363 1363 aliquod
1402 1315 1520 1362 putes
1559 1323 1611 1348 an
1639 1316 1675 1344 10

288 1395 427 1434 inania
451 1398 492 1432 et
516 1405 622 1431 vana
646 1404 696 1429 ex
720 1393 832 1427 metu
856 1391 994 1425 nostro
1022 1384 1244 1433 imaginem
1273 1382 1466 1431 accipere.
1524 1380 1612 1427 Ego

287 1470 335 1504 ut
361 1477 448 1503 esse
474 1463 638 1501 credam
667 1461 711 1498 in
735 1458 880 1509 primis
905 1469 951 1494 eo
975 1456 1099 1493 ducor
1129 1453 1238 1504 quod
1267 1452 1386 1490 audio
1416 1449 1612 1488 accidisse

290 1534 432 1574 Curtio
464 1532 584 1570 Rufo.
642 1529 795 1568 Tenuis
826 1527 958 1566 adhue
988 1529 1028 1562 et
1058 1524 1251 1561 obscurus
1281 1519 1484 1559 obtinenti
1506 1518 1615 1555 Afri-

291 1617 379 1643 cam
401 1594 534 1641 cemes
554 1601 764 1638 haeserat:
796 1596 993 1634 inclinato
1010 1594 1075 1631 die
1092 1591 1347 1642 spatiabatur
1368 1590 1409 1626 in
1430 1588 1611 1638 porticu:

292 1674 463 1712 offertur
483 1671 520 1709 ei
541 1669 726 1708 mulieris
747 1667 878 1716 figura
897 1665 1078 1702 humana
1098 1661 1290 1710 grandior
1306 1658 1612 1709 pulchriorque:
1643 1665 1678 1692 15

293 1742 512 1793 perterrito
551 1739 736 1777 Africam
776 1748 829 1783 se,
869 1735 1103 1772 futurorum
1148 1728 1446 1780 praenuntiam,
1486 1726 1614 1773 dixit3

294 1813 449 1851 iturum
478 1810 587 1847 enim
616 1809 789 1845 Romam
813 1805 1068 1852 honoresque
1100 1803 1310 1849 gesturum
1339 1802 1463 1846 atque
1492 1795 1616 1833 etiam

295 1895 384 1920 eum
417 1892 575 1918 summo
604 1877 776 1928 imperio
805 1876 847 1913 in
876 1875 1047 1913 eandem
1076 1871 1326 1922 provinciam
1360 1878 1617 1905 reversurum

297 1951 435 2000 ibique
466 1949 719 1986 moriturum.
777 1947 905 1983 Facta
933 1947 1029 1982 sunt
1058 1941 1205 1979 onmia.
1264 1940 1482 1976 Praeterea
1514 1946 1619 1973 aece-

298 2020 412 2058 denti
447 2017 737 2065 Carthaginem
767 2013 1075 2063 egredientique
1104 2022 1208 2048 nave
1238 2009 1379 2046 eadem
1412 2006 1544 2053 figura
1577 2004 1618 2040 111
1645 2012 1683 2040 20

298 2090 418 2128 litore
448 2087 670 2126 occurrisse
700 2089 898 2123 narratur.
957 2083 1053 2132 Ipse
1083 2085 1190 2118 certe
1220 2077 1434 2127 inplicitus
1469 2074 1618 2113 morbo.

299 2160 443 2197 futura
482 2156 729 2207 praeteritis,
772 2154 945 2192 adversa
992 2150 1181 2189 secundis
1228 2150 1463 2195 auguratus,
1507 2156 1620 2192 spem

302 2228 447 2267 salutis
486 2226 600 2263 nullo
643 2237 805 2262 suorum
847 2223 1089 2271 desperante
1132 2217 1313 2268 proiecit.
1390 2215 1479 2251 Iam
1518 2211 1623 2249 illud

302 2310 435 2335 nonne
463 2301 504 2334 et
528 2295 656 2343 magis
681 2292 864 2331 terribile
895 2295 934 2328 et
963 2303 1044 2327 11011
1075 2289 1210 2325 miuus
1240 2286 1387 2323 mirum
1418 2287 1492 2323 est,
1514 2281 1621 2331 quod

303 2378 503 2417 exponam
538 2369 584 2402 ut
617 2363 789 2413 accepi?
862 2362 958 2397 Erat
991 2358 1167 2396 Athenis
1200 2355 1381 2405 spatiosa
1418 2357 1459 2390 et
1497 2363 1624 2400 rapax
1651 2360 1687 2388 25

304 2437 460 2482 domus,
489 2435 560 2473 sed
593 2433 762 2471 infamis
796 2436 836 2468 et
871 2429 1078 2479 pestilens.
1139 2428 1215 2463 l’vr
1250 2423 1460 2462 silentium
1494 2419 1625 2457 novus

306 2517 429 2544 sonus
452 2504 565 2550 ferri,
591 2507 631 2540 et
657 2503 690 2539 si
715 2501 948 2539 attenderes
971 2497 1116 2542 aerius,
1148 2493 1346 2543 strepitus
1370 2490 1626 2528 vinculorum
