1859 2828
234 608 251 635 <51

220 960 257 988 10

223 1315 258 1343 15

232 2370 270 2399 30

279 194 332 235 28
849 199 888 232 0.
916 198 1047 230 PLINI

278 330 391 354 mum
412 320 486 355 est.
548 315 605 353 At
625 314 791 353 hercule
812 317 907 352 ante
928 312 1169 365 memoriam
1189 324 1322 350 meam
1346 311 1424 363 (ita
1443 310 1620 349 maiores

278 391 381 426 natu
411 387 546 425 solent
578 386 732 438 dicere)
763 398 814 423 ne
846 383 1119 422 nobilissimis
1155 382 1322 433 quidem
1350 381 1623 420 adulescenti-

279 458 355 496 bus
377 457 490 495 locus
508 460 596 495 erat
612 456 693 494 nisi
714 455 855 505 aliquo
876 453 1083 493 consulari
1105 453 1378 504 producente:
1424 455 1544 490 tanta
1560 463 1623 489 ve-

281 528 495 566 neratione
516 526 842 577 pulcherrimum
872 538 974 575 opus
995 524 1219 562 colebatur.
1277 523 1399 560 Nunc
1430 521 1622 560 refractis
1650 530 1669 558 4

282 598 451 648 pudoris
482 601 524 635 et
553 596 811 635 reverentiae
841 595 1036 633 claustris
1072 593 1210 632 omnia
1243 596 1388 643 patent
1419 591 1623 639 omnibus,

281 681 355 706 nec
389 668 643 705 inducuntur
678 666 750 705 sed
785 666 1040 715 inrumpunt.
1100 664 1302 702 Secuntur
1329 663 1538 701 auditores
1566 673 1627 699 ac-

282 739 442 776 toribus
465 738 636 785 similes,
659 736 853 774 conducti
881 739 923 773 et
950 734 1177 784 redempti:
1211 745 1406 783 manceps
1437 731 1627 769 conveni-

283 814 372 847 tur:
415 809 459 846 in
496 808 634 846 media
671 807 844 845 basilica
876 809 963 844 tam
1001 805 1139 855 palam
1179 803 1389 854 sportulae
1424 814 1548 853 quam
1582 802 1627 839 in

284 879 468 917 triclinio
503 879 675 916 dantur:
720 889 771 915 ex
805 876 961 914 iudicio
993 875 1037 913 in
1069 874 1270 912 iudicium
1310 873 1400 924 pari
1438 872 1626 910 mercede

285 950 497 988 transitur.
576 948 681 985 Inde
720 948 803 985 iam
842 959 924 984 11011
958 945 1162 983 inurbane
1187 946 1397 993 Σοφοκλεῖς
1426 946 1628 980 vocantur
1654 951 1674 979 5

288 1020 381 1071 [ἀπὸ
396 1023 460 1058 τοῦ
476 1022 606 1067 σοφῶς
627 1019 685 1056 καὶ
708 1017 944 1069 καλεῖσθαι];
977 1016 1108 1054 isdem
1130 1014 1326 1052 Latinum
1347 1025 1496 1051 nomen
1516 1012 1629 1062 inpo-

287 1091 413 1129 situm
430 1094 494 1127 est
518 1088 757 1127 Laudiceni.
816 1088 873 1125 Et
906 1091 1046 1124 tamen
1076 1084 1225 1123 crescit
1255 1084 1297 1122 in
1328 1083 1416 1122 dies
1447 1082 1628 1121 foeditas
1656 1093 1675 1122 6

286 1166 462 1210 utraque
501 1159 645 1207 lingua
682 1162 836 1196 notata.
910 1157 1023 1194 Here
1063 1156 1143 1193 duo
1180 1153 1510 1192 nomenclatores
1548 1152 1630 1190 mei

289 1232 463 1282 (habent
484 1242 582 1269 sane
603 1233 781 1268 aetatem
804 1240 945 1265 eorum
967 1226 1039 1277 qui
1058 1238 1192 1275 nuper
1211 1229 1328 1273 togas
1355 1223 1627 1275 sumpserint)

287 1302 417 1340 ternis
439 1300 621 1339 denariis
638 1300 691 1338 ad
706 1298 962 1337 laudandum
978 1296 1263 1335 trahebantur.
1321 1294 1448 1332 Tanti
1468 1296 1631 1332 constat

288 1377 335 1410 ut
367 1372 423 1411 sis
463 1369 778 1409 disertissimus.
839 1369 930 1405 Hoc
969 1367 1103 1417 pretio
1144 1365 1374 1416 quamlibet
1411 1376 1632 1402 numerosa

290 1442 488 1481 subsellia
517 1441 743 1491 inplentur,
765 1439 842 1476 hoc
875 1439 1021 1487 ingens
1050 1449 1201 1475 corona
1221 1435 1444 1484 colligitur,
1465 1434 1543 1472 hoc
1574 1434 1633 1471 in-

290 1513 399 1551 finiti
424 1513 623 1550 clamores
648 1513 972 1556 commoventur,
994 1520 1086 1545 cum
1116 1506 1380 1545 mesochorus
1411 1505 1527 1543 dedit
1556 1504 1633 1553 sig-
1660 1515 1677 1544 7

290 1597 411 1622 num:
444 1596 546 1633 opus
582 1586 645 1619 est
680 1580 789 1618 enim
827 1579 944 1627 signo
980 1578 1090 1629 apud
1124 1590 1206 1615 non
1241 1575 1545 1625 intellegentes,
1582 1587 1633 1612 110

292 1654 508 1692 audientes
539 1652 727 1702 quidem,
768 1662 864 1688 nam
896 1648 1082 1699 plerique
1112 1660 1195 1685 non
1225 1646 1414 1694 audiunt,
1445 1658 1519 1684 nec
1557 1644 1633 1682 ulli
1661 1652 1680 1681 8

292 1726 423 1773 magis
458 1723 641 1761 laudant.
704 1722 747 1759 Si
786 1720 951 1771 quando
990 1718 1190 1757 transibis
1229 1730 1302 1768 per
1340 1716 1555 1755 basilicam
1594 1719 1635 1753 et

294 1796 406 1833 voles
437 1795 540 1833 scire
571 1806 651 1843 quo
683 1792 802 1830 modo
833 1791 1009 1841 quisq'ue
1041 1789 1165 1837 dicat,
1196 1788 1302 1826 nihil
1334 1791 1397 1826 est
1427 1786 1537 1837 quod
1566 1785 1636 1824 tri-

292 1865 417 1905 bunal
449 1865 659 1911 ascendas,
690 1862 798 1900 nihil
832 1861 943 1912 quod
978 1860 1175 1911 praebeas
1206 1870 1369 1907 aurem;
1410 1857 1548 1896 facilis
1580 1856 1636 1894 di-

293 1936 474 1974 vinatio:
508 1935 611 1973 scito
633 1946 724 1971 eum
747 1932 925 1982 pessime
947 1931 1083 1969 dicere
1101 1930 1171 1980 qui
1190 1929 1427 1968 laudabitur
1443 1927 1634 1966 maxime.

294 2007 461 2044 Primus
492 2006 601 2042 1111110
632 2003 828 2042 audiendi
860 2014 1015 2039 morem
1047 2000 1215 2038 induxit
1244 1998 1421 2048 Largius
1452 1997 1635 2044 Licinus,
1656 2006 1684 2033 A)

295 2078 495 2115 hactenus
534 2080 675 2113 tamen
713 2077 761 2111 ut
795 2072 1006 2111 auditores
1046 2074 1300 2119 coi-rogaret:
1342 2069 1401 2107 ita
1438 2072 1548 2106 certe
1587 2080 1637 2105 cx
1666 2078 1703 2105 10

296 2146 567 2193 Quintiliano,
590 2147 855 2195 praeceptore
876 2155 978 2187 meo,
1000 2141 1166 2180 audisse
1188 2139 1370 2178 memini.
1429 2138 1638 2176 Narrabat

298 2218 368 2255 illc
392 2215 658 2254 ‘adsectabar
686 2213 915 2251 Domitium
945 2212 1118 2249 Afrum:
1151 2224 1243 2248 cum
1275 2209 1385 2260 apud
1414 2207 1639 2246 centumvi-

298 2302 363 2325 ros
385 2287 541 2324 diceret
562 2285 744 2334 graviter
765 2288 806 2321 et
827 2283 937 2320 lente
962 2282 1055 2331 (hoc
1077 2281 1187 2318 enim
1212 2280 1275 2317 illi
1303 2278 1479 2317 actionis
1511 2290 1638 2327 genus

298 2358 419 2409 crab),
442 2356 560 2394 audit
587 2368 637 2393 ex
666 2353 852 2404 proximo
883 2351 1135 2389 inmodicum
1167 2349 1465 2398 insolitumque
1494 2348 1640 2386 clamo-

300 2440 396 2465 rcin.
458 2425 699 2463 Admiratus
740 2423 921 2461 reticuit.
990 2421 1074 2459 Ubi
1114 2420 1327 2459 silentium
1368 2419 1523 2456 factum
1564 2421 1638 2463 est,

300 2497 469 2548 repetiit
490 2496 599 2546 quod
621 2495 851 2544 abruperat.
914 2493 1071 2529 lterum
1093 2490 1258 2537 clamor,
1282 2489 1431 2527 iterum
1460 2487 1638 2534 reticuit,
1670 2494 1704 2522 11
