<?xml version="1.0" encoding="UTF-8"?>
<!DOCTYPE html PUBLIC "-//W3C//DTD XHTML 1.0 Transitional//EN"
    "http://www.w3.org/TR/xhtml1/DTD/xhtml1-transitional.dtd">
<html xmlns="http://www.w3.org/1999/xhtml" xml:lang="en" lang="en">
 <head>
  <title>
</title>
<meta http-equiv="Content-Type" content="text/html;charset=utf-8" />
  <meta name='ocr-system' content='tesseract 3.04.00' />
  <meta name='ocr-capabilities' content='ocr_page ocr_carea ocr_par ocr_line ocrx_word'/>
</head>
<body>
  <div class='ocr_page' id='page_1' title='image "./cplinisecundiepi00plinuoft_0144.png"; bbox 0 0 1859 2828; ppageno 0'>
   <div class='ocr_carea' id='block_1_1' title="bbox 230 952 267 980">
    <p class='ocr_par' dir='ltr' id='par_1_1' title="bbox 230 952 267 980">
     <span class='ocr_line' id='line_1_1' title="bbox 230 952 267 980; baseline 0 0"><span class='ocrx_word' id='word_1_1' title='bbox 230 952 267 980; x_wconf 92' lang='lat'>10</span> 
     </span>
    </p>
   </div>
   <div class='ocr_carea' id='block_1_2' title="bbox 227 1659 264 1686">
    <p class='ocr_par' dir='ltr' id='par_1_2' title="bbox 227 1659 264 1686">
     <span class='ocr_line' id='line_1_2' title="bbox 227 1659 264 1686; baseline 0 0"><span class='ocrx_word' id='word_1_2' title='bbox 227 1659 264 1686; x_wconf 83' lang='lat'>20</span> 
     </span>
    </p>
   </div>
   <div class='ocr_carea' id='block_1_3' title="bbox 302 193 1063 234">
    <p class='ocr_par' dir='ltr' id='par_1_3' title="bbox 302 193 1063 234">
     <span class='ocr_line' id='line_1_3' title="bbox 302 193 1063 234; baseline -0.001 -1"><span class='ocrx_word' id='word_1_3' title='bbox 302 193 355 234; x_wconf 85' lang='lat'>98</span> <span class='ocrx_word' id='word_1_4' title='bbox 856 200 894 233; x_wconf 87' lang='lat' dir='ltr'>o.</span> <span class='ocrx_word' id='word_1_5' title='bbox 930 201 1063 233; x_wconf 84' lang='lat' dir='ltr'>PLINI</span> 
     </span>
    </p>
   </div>
   <div class='ocr_carea' id='block_1_4' title="bbox 299 315 1635 369">
    <p class='ocr_par' dir='ltr' id='par_1_4' title="bbox 299 315 1635 369">
     <span class='ocr_line' id='line_1_4' title="bbox 299 315 1635 369; baseline 0.004 -17"><span class='ocrx_word' id='word_1_6' title='bbox 299 315 461 364; x_wconf 89' lang='lat' dir='ltr'>longius</span> <span class='ocrx_word' id='word_1_7' title='bbox 478 315 623 365; x_wconf 88' lang='lat' dir='ltr'>primo,</span> <span class='ocrx_word' id='word_1_8' title='bbox 642 315 792 354; x_wconf 87' lang='lat' dir='ltr'>deinde</span> <span class='ocrx_word' id='word_1_9' title='bbox 813 329 833 354; x_wconf 94' lang='lat' dir='ltr'>e</span> <span class='ocrx_word' id='word_1_10' title='bbox 850 316 1038 366; x_wconf 83' lang='lat' dir='ltr'>proximo</span> <span class='ocrx_word' id='word_1_11' title='bbox 1054 318 1303 356; x_wconf 73' lang='lat' dir='ltr'>reddebatur</span> <span class='ocrx_word' id='word_1_12' title='bbox 1321 333 1328 355; x_wconf 88' lang='lat'><strong>:</strong></span> <span class='ocrx_word' id='word_1_13' title='bbox 1358 331 1453 357; x_wconf 82' lang='lat' dir='ltr'>mox</span> <span class='ocrx_word' id='word_1_14' title='bbox 1469 331 1635 369; x_wconf 84' lang='lat' dir='ltr'>appare-</span> 
     </span>
    </p>
   </div>
   <div class='ocr_carea' id='block_1_5' title="bbox 290 385 1634 1975">
    <p class='ocr_par' dir='ltr' id='par_1_5' title="bbox 290 385 1634 1975">
     <span class='ocr_line' id='line_1_5' title="bbox 298 385 1634 438; baseline 0.004 -16"><span class='ocrx_word' id='word_1_15' title='bbox 298 386 369 423; x_wconf 87' lang='lat' dir='ltr'>bat</span> <span class='ocrx_word' id='word_1_16' title='bbox 398 385 550 434; x_wconf 87' lang='lat' dir='ltr'>idolon,</span> <span class='ocrx_word' id='word_1_17' title='bbox 573 398 699 424; x_wconf 82' lang='lat' dir='ltr'>senex</span> <span class='ocrx_word' id='word_1_18' title='bbox 726 386 855 424; x_wconf 89' lang='lat' dir='ltr'>macie</span> <span class='ocrx_word' id='word_1_19' title='bbox 884 391 926 425; x_wconf 88' lang='lat' dir='ltr'>et</span> <span class='ocrx_word' id='word_1_20' title='bbox 956 387 1145 437; x_wconf 82' lang='lat' dir='ltr'>squalore</span> <span class='ocrx_word' id='word_1_21' title='bbox 1175 389 1400 437; x_wconf 81' lang='lat' dir='ltr'>confectus,</span> <span class='ocrx_word' id='word_1_22' title='bbox 1432 389 1634 438; x_wconf 86' lang='lat' dir='ltr'>promissa</span> 
     </span>
     <span class='ocr_line' id='line_1_6' title="bbox 298 455 1633 508; baseline 0.004 -16"><span class='ocrx_word' id='word_1_23' title='bbox 298 456 434 501; x_wconf 88' lang='lat' dir='ltr'>barba,</span> <span class='ocrx_word' id='word_1_24' title='bbox 452 455 638 493; x_wconf 90' lang='lat' dir='ltr'>horrenti</span> <span class='ocrx_word' id='word_1_25' title='bbox 659 456 832 506; x_wconf 87' lang='lat' dir='ltr'>capillo:</span> <span class='ocrx_word' id='word_1_26' title='bbox 865 457 1050 495; x_wconf 86' lang='lat' dir='ltr'>cruribus</span> <span class='ocrx_word' id='word_1_27' title='bbox 1071 459 1300 508; x_wconf 76' lang='lat' dir='ltr'>compedes,</span> <span class='ocrx_word' id='word_1_28' title='bbox 1318 459 1508 497; x_wconf 83' lang='lat' dir='ltr'>manibus</span> <span class='ocrx_word' id='word_1_29' title='bbox 1529 463 1633 498; x_wconf 88' lang='lat' dir='ltr'>cate-</span> 
     </span>
     <span class='ocr_line' id='line_1_7' title="bbox 296 526 1630 577; baseline 0.004 -15"><span class='ocrx_word' id='word_1_30' title='bbox 296 538 370 564; x_wconf 83' lang='lat' dir='ltr'>nas</span> <span class='ocrx_word' id='word_1_31' title='bbox 402 526 570 573; x_wconf 86' lang='lat' dir='ltr'>gerebat</span> <span class='ocrx_word' id='word_1_32' title='bbox 604 526 909 577; x_wconf 73' lang='lat' dir='ltr'>quatiebatque.</span> <span class='ocrx_word' id='word_1_33' title='bbox 982 528 1085 566; x_wconf 81' lang='lat' dir='ltr'>Inde</span> <span class='ocrx_word' id='word_1_34' title='bbox 1120 528 1450 567; x_wconf 75' lang='lat' dir='ltr'>inhabitantibus</span> <span class='ocrx_word' id='word_1_35' title='bbox 1488 529 1630 569; x_wconf 80' lang='lat' dir='ltr'>tristes</span> 
     </span>
     <span class='ocr_line' id='line_1_8' title="bbox 297 596 1629 647; baseline 0.004 -14"><span class='ocrx_word' id='word_1_36' title='bbox 297 596 491 646; x_wconf 86' lang='lat' dir='ltr'>diraeque</span> <span class='ocrx_word' id='word_1_37' title='bbox 508 599 649 634; x_wconf 88' lang='lat' dir='ltr'>noctes</span> <span class='ocrx_word' id='word_1_38' title='bbox 666 609 739 646; x_wconf 88' lang='lat' dir='ltr'>per</span> <span class='ocrx_word' id='word_1_39' title='bbox 755 601 910 635; x_wconf 88' lang='lat' dir='ltr'>metum</span> <span class='ocrx_word' id='word_1_40' title='bbox 927 597 1207 647; x_wconf 88' lang='lat' dir='ltr'>vigilabantur</span> <span class='ocrx_word' id='word_1_41' title='bbox 1222 614 1228 636; x_wconf 90' lang='lat'><strong>:</strong></span> <span class='ocrx_word' id='word_1_42' title='bbox 1260 598 1447 647; x_wconf 71' lang='lat' dir='ltr'>vigiliani</span> <span class='ocrx_word' id='word_1_43' title='bbox 1464 600 1629 641; x_wconf 84' lang='lat' dir='ltr'>morbus</span> 
     </span>
     <span class='ocr_line' id='line_1_9' title="bbox 296 666 1630 717; baseline 0.003 -14"><span class='ocrx_word' id='word_1_44' title='bbox 296 669 337 703; x_wconf 92' lang='lat' dir='ltr'>et</span> <span class='ocrx_word' id='word_1_45' title='bbox 363 669 571 704; x_wconf 77' lang='lat' dir='ltr'>crescente</span> <span class='ocrx_word' id='word_1_46' title='bbox 601 666 824 704; x_wconf 84' lang='lat' dir='ltr'>formidine</span> <span class='ocrx_word' id='word_1_47' title='bbox 854 680 962 705; x_wconf 86' lang='lat' dir='ltr'>mors</span> <span class='ocrx_word' id='word_1_48' title='bbox 993 668 1250 717; x_wconf 78' lang='lat' dir='ltr'>sequebatur.</span> <span class='ocrx_word' id='word_1_49' title='bbox 1309 669 1419 706; x_wconf 88' lang='lat' dir='ltr'>Nam</span> <span class='ocrx_word' id='word_1_50' title='bbox 1448 669 1630 708; x_wconf 83' lang='lat' dir='ltr'>interdiu</span> 
     </span>
     <span class='ocr_line' id='line_1_10' title="bbox 295 737 1629 788; baseline 0.003 -15"><span class='ocrx_word' id='word_1_51' title='bbox 295 748 469 786; x_wconf 90' lang='lat' dir='ltr'>quoque,</span> <span class='ocrx_word' id='word_1_52' title='bbox 491 748 741 786; x_wconf 86' lang='lat' dir='ltr'>quamquam</span> <span class='ocrx_word' id='word_1_53' title='bbox 767 737 1020 775; x_wconf 87' lang='lat' dir='ltr'>abscesserat</span> <span class='ocrx_word' id='word_1_54' title='bbox 1044 737 1190 786; x_wconf 85' lang='lat' dir='ltr'>imago,</span> <span class='ocrx_word' id='word_1_55' title='bbox 1212 738 1410 776; x_wconf 82' lang='lat' dir='ltr'>memoria</span> <span class='ocrx_word' id='word_1_56' title='bbox 1435 739 1629 788; x_wconf 83' lang='lat' dir='ltr'>imaginis</span> 
     </span>
     <span class='ocr_line' id='line_1_11' title="bbox 294 805 1624 857; baseline 0.003 -14"><span class='ocrx_word' id='word_1_57' title='bbox 294 805 424 844; x_wconf 89' lang='lat' dir='ltr'>oculis</span> <span class='ocrx_word' id='word_1_58' title='bbox 463 805 684 854; x_wconf 85' lang='lat' dir='ltr'>inerrabat,</span> <span class='ocrx_word' id='word_1_59' title='bbox 724 806 966 857; x_wconf 84' lang='lat' dir='ltr'>longiorque</span> <span class='ocrx_word' id='word_1_60' title='bbox 1000 807 1135 846; x_wconf 87' lang='lat' dir='ltr'>causis</span> <span class='ocrx_word' id='word_1_61' title='bbox 1168 807 1330 846; x_wconf 87' lang='lat' dir='ltr'>timoris</span> <span class='ocrx_word' id='word_1_62' title='bbox 1364 808 1488 846; x_wconf 86' lang='lat' dir='ltr'>timor</span> <span class='ocrx_word' id='word_1_63' title='bbox 1527 814 1624 847; x_wconf 90' lang='lat' dir='ltr'>erat.</span> 
     </span>
     <span class='ocr_line' id='line_1_12' title="bbox 294 876 1627 929; baseline 0.002 -16"><span class='ocrx_word' id='word_1_64' title='bbox 294 876 470 914; x_wconf 88' lang='lat' dir='ltr'>Deserta</span> <span class='ocrx_word' id='word_1_65' title='bbox 503 876 600 913; x_wconf 89' lang='lat' dir='ltr'>inde</span> <span class='ocrx_word' id='word_1_66' title='bbox 635 880 676 913; x_wconf 92' lang='lat' dir='ltr'>et</span> <span class='ocrx_word' id='word_1_67' title='bbox 709 876 905 914; x_wconf 87' lang='lat' dir='ltr'>damnata</span> <span class='ocrx_word' id='word_1_68' title='bbox 938 876 1161 915; x_wconf 81' lang='lat' dir='ltr'>solitudine</span> <span class='ocrx_word' id='word_1_69' title='bbox 1191 878 1335 916; x_wconf 86' lang='lat' dir='ltr'>domus</span> <span class='ocrx_word' id='word_1_70' title='bbox 1365 881 1534 929; x_wconf 87' lang='lat' dir='ltr'>totaque</span> <span class='ocrx_word' id='word_1_71' title='bbox 1563 879 1627 916; x_wconf 88' lang='lat' dir='ltr'>illi</span> 
     </span>
     <span class='ocr_line' id='line_1_13' title="bbox 295 945 1626 997; baseline 0.003 -15"><span class='ocrx_word' id='word_1_72' title='bbox 295 949 477 983; x_wconf 90' lang='lat' dir='ltr'>monstro</span> <span class='ocrx_word' id='word_1_73' title='bbox 506 945 671 994; x_wconf 84' lang='lat' dir='ltr'>relicta3</span> <span class='ocrx_word' id='word_1_74' title='bbox 711 946 1044 996; x_wconf 85' lang='lat' dir='ltr'>proscribebatur</span> <span class='ocrx_word' id='word_1_75' title='bbox 1073 951 1224 995; x_wconf 87' lang='lat' dir='ltr'>tamen,</span> <span class='ocrx_word' id='word_1_76' title='bbox 1253 959 1324 986; x_wconf 90' lang='lat' dir='ltr'>seu</span> <span class='ocrx_word' id='word_1_77' title='bbox 1357 948 1450 997; x_wconf 86' lang='lat' dir='ltr'>quis</span> <span class='ocrx_word' id='word_1_78' title='bbox 1480 961 1626 997; x_wconf 88' lang='lat' dir='ltr'>emere,</span> 
     </span>
     <span class='ocr_line' id='line_1_14' title="bbox 294 1016 1627 1066; baseline 0.003 -13"><span class='ocrx_word' id='word_1_79' title='bbox 294 1028 366 1054; x_wconf 86' lang='lat' dir='ltr'>seu</span> <span class='ocrx_word' id='word_1_80' title='bbox 404 1016 496 1066; x_wconf 89' lang='lat' dir='ltr'>quis</span> <span class='ocrx_word' id='word_1_81' title='bbox 535 1017 762 1054; x_wconf 80' lang='lat' dir='ltr'>conducere</span> <span class='ocrx_word' id='word_1_82' title='bbox 801 1016 969 1065; x_wconf 87' lang='lat' dir='ltr'>ignarus</span> <span class='ocrx_word' id='word_1_83' title='bbox 1007 1017 1115 1055; x_wconf 87' lang='lat' dir='ltr'>tanti</span> <span class='ocrx_word' id='word_1_84' title='bbox 1153 1017 1252 1056; x_wconf 87' lang='lat' dir='ltr'>mali</span> <span class='ocrx_word' id='word_1_85' title='bbox 1290 1018 1428 1056; x_wconf 85' lang='lat' dir='ltr'>vellet.</span> <span class='ocrx_word' id='word_1_86' title='bbox 1500 1020 1627 1058; x_wconf 85' lang='lat' dir='ltr'>Venit</span> 
     </span>
     <span class='ocr_line' id='line_1_15' title="bbox 292 1086 1628 1137; baseline 0.003 -14"><span class='ocrx_word' id='word_1_87' title='bbox 292 1086 482 1124; x_wconf 85' lang='lat' dir='ltr'>Athenas</span> <span class='ocrx_word' id='word_1_88' title='bbox 516 1086 788 1136; x_wconf 88' lang='lat' dir='ltr'>philosophus</span> <span class='ocrx_word' id='word_1_89' title='bbox 822 1087 1127 1135; x_wconf 83' lang='lat' dir='ltr'>Athenodorus,</span> <span class='ocrx_word' id='word_1_90' title='bbox 1164 1087 1265 1137; x_wconf 87' lang='lat' dir='ltr'>legit</span> <span class='ocrx_word' id='word_1_91' title='bbox 1303 1088 1485 1137; x_wconf 85' lang='lat' dir='ltr'>titulum,</span> <span class='ocrx_word' id='word_1_92' title='bbox 1517 1090 1628 1127; x_wconf 89' lang='lat' dir='ltr'>audi-</span> 
     </span>
     <span class='ocr_line' id='line_1_16' title="bbox 293 1156 1628 1208; baseline 0.003 -15"><span class='ocrx_word' id='word_1_93' title='bbox 293 1160 416 1206; x_wconf 91' lang='lat' dir='ltr'>toque</span> <span class='ocrx_word' id='word_1_94' title='bbox 446 1156 591 1206; x_wconf 83' lang='lat' dir='ltr'>pretio,</span> <span class='ocrx_word' id='word_1_95' title='bbox 622 1157 720 1206; x_wconf 88' lang='lat' dir='ltr'>quia</span> <span class='ocrx_word' id='word_1_96' title='bbox 749 1161 942 1207; x_wconf 89' lang='lat' dir='ltr'>suspecta</span> <span class='ocrx_word' id='word_1_97' title='bbox 971 1157 1124 1205; x_wconf 83' lang='lat' dir='ltr'>vilitas,</span> <span class='ocrx_word' id='word_1_98' title='bbox 1155 1163 1458 1208; x_wconf 84' lang='lat' dir='ltr'>percunctatus,</span> <span class='ocrx_word' id='word_1_99' title='bbox 1490 1160 1628 1198; x_wconf 84' lang='lat' dir='ltr'>onmia</span> 
     </span>
     <span class='ocr_line' id='line_1_17' title="bbox 293 1226 1623 1276; baseline 0.003 -13"><span class='ocrx_word' id='word_1_100' title='bbox 293 1227 462 1264; x_wconf 86' lang='lat' dir='ltr'>docetur</span> <span class='ocrx_word' id='word_1_101' title='bbox 500 1238 545 1264; x_wconf 90' lang='lat' dir='ltr'>ac</span> <span class='ocrx_word' id='word_1_102' title='bbox 583 1226 715 1264; x_wconf 84' lang='lat' dir='ltr'>nihilo</span> <span class='ocrx_word' id='word_1_103' title='bbox 753 1227 903 1275; x_wconf 87' lang='lat' dir='ltr'>minus,</span> <span class='ocrx_word' id='word_1_104' title='bbox 933 1227 1059 1265; x_wconf 88' lang='lat' dir='ltr'>immo</span> <span class='ocrx_word' id='word_1_105' title='bbox 1097 1231 1214 1266; x_wconf 85' lang='lat' dir='ltr'>tanto</span> <span class='ocrx_word' id='word_1_106' title='bbox 1251 1228 1382 1276; x_wconf 77' lang='lat' dir='ltr'>inagis</span> <span class='ocrx_word' id='word_1_107' title='bbox 1421 1229 1623 1267; x_wconf 85' lang='lat' dir='ltr'>conducit.</span> 
     </span>
     <span class='ocr_line' id='line_1_18' title="bbox 294 1296 1624 1348; baseline 0.002 -13"><span class='ocrx_word' id='word_1_108' title='bbox 294 1296 378 1335; x_wconf 91' lang='lat' dir='ltr'>Ubi</span> <span class='ocrx_word' id='word_1_109' title='bbox 399 1296 535 1346; x_wconf 89' lang='lat' dir='ltr'>coepit</span> <span class='ocrx_word' id='word_1_110' title='bbox 556 1297 910 1346; x_wconf 84' lang='lat' dir='ltr'>advesperascere,</span> <span class='ocrx_word' id='word_1_111' title='bbox 933 1297 1046 1335; x_wconf 87' lang='lat' dir='ltr'>iubet</span> <span class='ocrx_word' id='word_1_112' title='bbox 1068 1299 1195 1335; x_wconf 88' lang='lat' dir='ltr'>sterni</span> <span class='ocrx_word' id='word_1_113' title='bbox 1219 1298 1297 1335; x_wconf 90' lang='lat' dir='ltr'>sibi</span> <span class='ocrx_word' id='word_1_114' title='bbox 1320 1298 1455 1348; x_wconf 88' lang='lat' dir='ltr'>prima</span> <span class='ocrx_word' id='word_1_115' title='bbox 1480 1299 1624 1338; x_wconf 89' lang='lat' dir='ltr'>domus</span> 
     </span>
     <span class='ocr_line' id='line_1_19' title="bbox 292 1366 1625 1416; baseline 0.002 -13"><span class='ocrx_word' id='word_1_116' title='bbox 292 1370 420 1416; x_wconf 87' lang='lat' dir='ltr'>parte,</span> <span class='ocrx_word' id='word_1_117' title='bbox 457 1366 590 1416; x_wconf 88' lang='lat' dir='ltr'>poscit</span> <span class='ocrx_word' id='word_1_118' title='bbox 624 1366 850 1416; x_wconf 79' lang='lat' dir='ltr'>pugillares</span> <span class='ocrx_word' id='word_1_119' title='bbox 891 1367 1033 1405; x_wconf 83' lang='lat' dir='ltr'>stilum</span> <span class='ocrx_word' id='word_1_120' title='bbox 1068 1367 1229 1405; x_wconf 85' lang='lat' dir='ltr'>lumen:</span> <span class='ocrx_word' id='word_1_121' title='bbox 1273 1380 1368 1406; x_wconf 85' lang='lat' dir='ltr'>suos</span> <span class='ocrx_word' id='word_1_122' title='bbox 1403 1381 1543 1407; x_wconf 83' lang='lat' dir='ltr'>onmes</span> <span class='ocrx_word' id='word_1_123' title='bbox 1583 1369 1625 1406; x_wconf 91' lang='grc'>111</span> 
     </span>
     <span class='ocr_line' id='line_1_20' title="bbox 292 1436 1623 1486; baseline 0.002 -13"><span class='ocrx_word' id='word_1_124' title='bbox 292 1436 490 1474; x_wconf 88' lang='lat' dir='ltr'>interiora</span> <span class='ocrx_word' id='word_1_125' title='bbox 523 1436 713 1483; x_wconf 86' lang='lat' dir='ltr'>dimittit,</span> <span class='ocrx_word' id='word_1_126' title='bbox 746 1436 835 1486; x_wconf 88' lang='lat' dir='ltr'>ipse</span> <span class='ocrx_word' id='word_1_127' title='bbox 873 1437 925 1474; x_wconf 91' lang='lat' dir='ltr'>ad</span> <span class='ocrx_word' id='word_1_128' title='bbox 964 1437 1223 1475; x_wconf 86' lang='lat' dir='ltr'>scribendum</span> <span class='ocrx_word' id='word_1_129' title='bbox 1266 1438 1448 1475; x_wconf 89' lang='lat' dir='ltr'>animum</span> <span class='ocrx_word' id='word_1_130' title='bbox 1487 1439 1623 1477; x_wconf 89' lang='lat' dir='ltr'>oculos</span> 
     </span>
     <span class='ocr_line' id='line_1_21' title="bbox 292 1506 1624 1553; baseline 0.003 -11"><span class='ocrx_word' id='word_1_131' title='bbox 292 1518 458 1543; x_wconf 86' lang='lat' dir='ltr'>inanum</span> <span class='ocrx_word' id='word_1_132' title='bbox 497 1506 690 1553; x_wconf 87' lang='lat' dir='ltr'>intendit,</span> <span class='ocrx_word' id='word_1_133' title='bbox 731 1519 781 1543; x_wconf 92' lang='lat' dir='ltr'>ne</span> <span class='ocrx_word' id='word_1_134' title='bbox 823 1519 950 1544; x_wconf 85' lang='lat' dir='ltr'>vacua</span> <span class='ocrx_word' id='word_1_135' title='bbox 990 1520 1104 1545; x_wconf 86' lang='lat' dir='ltr'>mens</span> <span class='ocrx_word' id='word_1_136' title='bbox 1143 1507 1287 1545; x_wconf 89' lang='lat' dir='ltr'>audita</span> <span class='ocrx_word' id='word_1_137' title='bbox 1325 1507 1546 1546; x_wconf 79' lang='lat' dir='ltr'>simulacra</span> <span class='ocrx_word' id='word_1_138' title='bbox 1584 1513 1624 1546; x_wconf 90' lang='lat' dir='ltr'>et</span> 
     </span>
     <span class='ocr_line' id='line_1_22' title="bbox 291 1576 1625 1627; baseline 0.002 -15"><span class='ocrx_word' id='word_1_139' title='bbox 291 1576 434 1614; x_wconf 85' lang='lat' dir='ltr'>inanes</span> <span class='ocrx_word' id='word_1_140' title='bbox 465 1576 544 1614; x_wconf 90' lang='lat' dir='ltr'>sibi</span> <span class='ocrx_word' id='word_1_141' title='bbox 574 1580 708 1614; x_wconf 84' lang='lat' dir='ltr'>metus</span> <span class='ocrx_word' id='word_1_142' title='bbox 738 1576 922 1623; x_wconf 82' lang='lat' dir='ltr'>fingeret.</span> <span class='ocrx_word' id='word_1_143' title='bbox 983 1577 1122 1624; x_wconf 83' lang='lat' dir='ltr'>Initio,</span> <span class='ocrx_word' id='word_1_144' title='bbox 1155 1577 1275 1627; x_wconf 89' lang='lat' dir='ltr'>quale</span> <span class='ocrx_word' id='word_1_145' title='bbox 1310 1577 1473 1627; x_wconf 84' lang='lat' dir='ltr'>ubique,</span> <span class='ocrx_word' id='word_1_146' title='bbox 1505 1578 1625 1616; x_wconf 89' lang='lat' dir='ltr'>silen-</span> 
     </span>
     <span class='ocr_line' id='line_1_23' title="bbox 292 1645 1622 1693; baseline 0.002 -11"><span class='ocrx_word' id='word_1_147' title='bbox 292 1645 395 1683; x_wconf 88' lang='lat' dir='ltr'>tium</span> <span class='ocrx_word' id='word_1_148' title='bbox 426 1646 571 1693; x_wconf 85' lang='lat' dir='ltr'>noctis,</span> <span class='ocrx_word' id='word_1_149' title='bbox 602 1646 699 1683; x_wconf 90' lang='lat' dir='ltr'>dein</span> <span class='ocrx_word' id='word_1_150' title='bbox 728 1646 890 1684; x_wconf 86' lang='lat' dir='ltr'>concuti</span> <span class='ocrx_word' id='word_1_151' title='bbox 925 1647 1093 1691; x_wconf 85' lang='lat' dir='ltr'>ferrum,</span> <span class='ocrx_word' id='word_1_152' title='bbox 1126 1646 1292 1685; x_wconf 81' lang='lat' dir='ltr'>vincula</span> <span class='ocrx_word' id='word_1_153' title='bbox 1325 1648 1501 1685; x_wconf 73' lang='lat' dir='ltr'>moveri:</span> <span class='ocrx_word' id='word_1_154' title='bbox 1552 1648 1622 1685; x_wconf 93' lang='lat' dir='ltr'>ille</span> 
     </span>
     <span class='ocr_line' id='line_1_24' title="bbox 291 1715 1622 1763; baseline 0.002 -11"><span class='ocrx_word' id='word_1_155' title='bbox 291 1728 371 1753; x_wconf 88' lang='lat'>11011</span> <span class='ocrx_word' id='word_1_156' title='bbox 406 1715 550 1753; x_wconf 84' lang='lat' dir='ltr'>tollere</span> <span class='ocrx_word' id='word_1_157' title='bbox 585 1715 736 1763; x_wconf 85' lang='lat' dir='ltr'>oculos,</span> <span class='ocrx_word' id='word_1_158' title='bbox 768 1729 847 1753; x_wconf 93' lang='lat' dir='ltr'>non</span> <span class='ocrx_word' id='word_1_159' title='bbox 883 1716 1092 1754; x_wconf 85' lang='lat' dir='ltr'>remittere</span> <span class='ocrx_word' id='word_1_160' title='bbox 1125 1716 1280 1763; x_wconf 82' lang='lat' dir='ltr'>stilum,</span> <span class='ocrx_word' id='word_1_161' title='bbox 1316 1717 1387 1754; x_wconf 86' lang='lat' dir='ltr'>sed</span> <span class='ocrx_word' id='word_1_162' title='bbox 1421 1718 1622 1755; x_wconf 79' lang='lat' dir='ltr'>offirmare</span> 
     </span>
     <span class='ocr_line' id='line_1_25' title="bbox 291 1785 1620 1836; baseline 0.002 -14"><span class='ocrx_word' id='word_1_163' title='bbox 291 1785 472 1823; x_wconf 82' lang='lat' dir='ltr'>animum</span> <span class='ocrx_word' id='word_1_164' title='bbox 495 1786 745 1836; x_wconf 83' lang='lat' dir='ltr'>auribusque</span> <span class='ocrx_word' id='word_1_165' title='bbox 767 1786 1058 1836; x_wconf 69' lang='lat' dir='ltr'>praetendere:</span> <span class='ocrx_word' id='word_1_166' title='bbox 1091 1790 1179 1823; x_wconf 91' lang='lat' dir='ltr'>tum</span> <span class='ocrx_word' id='word_1_167' title='bbox 1196 1786 1449 1824; x_wconf 77' lang='lat' dir='ltr'>crebrescere</span> <span class='ocrx_word' id='word_1_168' title='bbox 1471 1787 1620 1836; x_wconf 77' lang='lat' dir='ltr'>fragor,</span> 
     </span>
     <span class='ocr_line' id='line_1_26' title="bbox 290 1855 1619 1903; baseline 0.002 -11"><span class='ocrx_word' id='word_1_169' title='bbox 290 1855 527 1903; x_wconf 82' lang='lat' dir='ltr'>adventare,</span> <span class='ocrx_word' id='word_1_170' title='bbox 549 1860 590 1893; x_wconf 87' lang='lat' dir='ltr'>et</span> <span class='ocrx_word' id='word_1_171' title='bbox 611 1856 691 1894; x_wconf 87' lang='lat' dir='ltr'>iam</span> <span class='ocrx_word' id='word_1_172' title='bbox 713 1860 760 1893; x_wconf 86' lang='lat' dir='ltr'>ut</span> <span class='ocrx_word' id='word_1_173' title='bbox 781 1856 821 1893; x_wconf 91' lang='lat' dir='ltr'>in</span> <span class='ocrx_word' id='word_1_174' title='bbox 845 1856 998 1900; x_wconf 81' lang='lat' dir='ltr'>limine,</span> <span class='ocrx_word' id='word_1_175' title='bbox 1016 1856 1097 1893; x_wconf 85' lang='lat' dir='ltr'>iam</span> <span class='ocrx_word' id='word_1_176' title='bbox 1120 1861 1165 1893; x_wconf 89' lang='lat' dir='ltr'>ut</span> <span class='ocrx_word' id='word_1_177' title='bbox 1186 1856 1295 1893; x_wconf 86' lang='lat' dir='ltr'>intra</span> <span class='ocrx_word' id='word_1_178' title='bbox 1316 1856 1441 1893; x_wconf 87' lang='lat' dir='ltr'>limen</span> <span class='ocrx_word' id='word_1_179' title='bbox 1463 1857 1619 1894; x_wconf 88' lang='lat' dir='ltr'>audiri:</span> 
     </span>
     <span class='ocr_line' id='line_1_27' title="bbox 292 1925 1623 1975; baseline 0.002 -13"><span class='ocrx_word' id='word_1_180' title='bbox 292 1925 472 1975; x_wconf 82' lang='lat' dir='ltr'>respicit,</span> <span class='ocrx_word' id='word_1_181' title='bbox 501 1926 616 1963; x_wconf 88' lang='lat' dir='ltr'>videt</span> <span class='ocrx_word' id='word_1_182' title='bbox 645 1926 913 1975; x_wconf 72' lang='lat' dir='ltr'>agnoscitque</span> <span class='ocrx_word' id='word_1_183' title='bbox 943 1930 1151 1963; x_wconf 78' lang='lat' dir='ltr'>narratam</span> <span class='ocrx_word' id='word_1_184' title='bbox 1182 1926 1261 1963; x_wconf 85' lang='lat' dir='ltr'>sibi</span> <span class='ocrx_word' id='word_1_185' title='bbox 1291 1926 1476 1974; x_wconf 80' lang='lat' dir='ltr'>effigiem.</span> <span class='ocrx_word' id='word_1_186' title='bbox 1537 1928 1623 1965; x_wconf 65' lang='lat' dir='ltr'>Sta-</span> 
     </span>
    </p>
   </div>
   <div class='ocr_carea' id='block_1_6' title="bbox 226 1995 1622 2045">
    <p class='ocr_par' dir='ltr' id='par_1_6' title="bbox 226 1995 1622 2045">
     <span class='ocr_line' id='line_1_28' title="bbox 226 1995 1622 2045; baseline 0.001 -13"><span class='ocrx_word' id='word_1_187' title='bbox 226 2007 261 2033; x_wconf 62' lang='lat'>‘5</span> <span class='ocrx_word' id='word_1_188' title='bbox 291 1996 361 2033; x_wconf 87' lang='lat' dir='ltr'>bat</span> <span class='ocrx_word' id='word_1_189' title='bbox 395 1995 674 2045; x_wconf 81' lang='lat' dir='ltr'>innuebatque</span> <span class='ocrx_word' id='word_1_190' title='bbox 709 1996 852 2044; x_wconf 86' lang='lat' dir='ltr'>digito,</span> <span class='ocrx_word' id='word_1_191' title='bbox 888 1996 1036 2033; x_wconf 86' lang='lat' dir='ltr'>similis</span> <span class='ocrx_word' id='word_1_192' title='bbox 1071 1995 1256 2033; x_wconf 84' lang='lat' dir='ltr'>vocanti:</span> <span class='ocrx_word' id='word_1_193' title='bbox 1302 1996 1368 2033; x_wconf 90' lang='lat' dir='ltr'>hic</span> <span class='ocrx_word' id='word_1_194' title='bbox 1399 2001 1542 2034; x_wconf 85' lang='lat' dir='ltr'>contra</span> <span class='ocrx_word' id='word_1_195' title='bbox 1576 2001 1622 2034; x_wconf 90' lang='lat' dir='ltr'>ut</span> 
     </span>
    </p>
   </div>
   <div class='ocr_carea' id='block_1_7' title="bbox 290 2065 1622 2325">
    <p class='ocr_par' dir='ltr' id='par_1_7' title="bbox 290 2065 1622 2325">
     <span class='ocr_line' id='line_1_29' title="bbox 292 2065 1622 2116; baseline 0.002 -14"><span class='ocrx_word' id='word_1_196' title='bbox 292 2065 457 2115; x_wconf 83' lang='lat' dir='ltr'>paulum</span> <span class='ocrx_word' id='word_1_197' title='bbox 494 2070 751 2116; x_wconf 79' lang='lat' dir='ltr'>exspectaret</span> <span class='ocrx_word' id='word_1_198' title='bbox 784 2079 906 2103; x_wconf 88' lang='lat' dir='ltr'>manu</span> <span class='ocrx_word' id='word_1_199' title='bbox 942 2065 1148 2113; x_wconf 77' lang='lat' dir='ltr'>significat</span> <span class='ocrx_word' id='word_1_200' title='bbox 1188 2079 1409 2115; x_wconf 85' lang='lat' dir='ltr'>rursusque</span> <span class='ocrx_word' id='word_1_201' title='bbox 1444 2066 1546 2103; x_wconf 73' lang='lat' dir='ltr'>ceris</span> <span class='ocrx_word' id='word_1_202' title='bbox 1582 2071 1622 2104; x_wconf 85' lang='lat' dir='ltr'>et</span> 
     </span>
     <span class='ocr_line' id='line_1_30' title="bbox 291 2135 1619 2185; baseline 0.001 -12"><span class='ocrx_word' id='word_1_203' title='bbox 291 2135 388 2173; x_wconf 84' lang='lat' dir='ltr'>stilo</span> <span class='ocrx_word' id='word_1_204' title='bbox 419 2136 641 2173; x_wconf 82' lang='lat' dir='ltr'>incumbit:</span> <span class='ocrx_word' id='word_1_205' title='bbox 683 2136 756 2173; x_wconf 83' lang='lat' dir='ltr'>illa</span> <span class='ocrx_word' id='word_1_206' title='bbox 786 2136 1004 2173; x_wconf 78' lang='lat' dir='ltr'>scribentis</span> <span class='ocrx_word' id='word_1_207' title='bbox 1034 2135 1161 2185; x_wconf 82' lang='lat' dir='ltr'>capiti</span> <span class='ocrx_word' id='word_1_208' title='bbox 1192 2136 1347 2173; x_wconf 82' lang='lat' dir='ltr'>catenis</span> <span class='ocrx_word' id='word_1_209' title='bbox 1378 2136 1619 2174; x_wconf 81' lang='lat' dir='ltr'>insonabat:</span> 
     </span>
     <span class='ocr_line' id='line_1_31' title="bbox 292 2205 1620 2255; baseline 0.001 -13"><span class='ocrx_word' id='word_1_210' title='bbox 292 2205 459 2255; x_wconf 82' lang='lat' dir='ltr'>respicit</span> <span class='ocrx_word' id='word_1_211' title='bbox 481 2219 618 2243; x_wconf 89' lang='lat' dir='ltr'>rursus</span> <span class='ocrx_word' id='word_1_212' title='bbox 645 2206 751 2242; x_wconf 75' lang='lat' dir='ltr'>idcin</span> <span class='ocrx_word' id='word_1_213' title='bbox 777 2206 885 2255; x_wconf 88' lang='lat' dir='ltr'>quod</span> <span class='ocrx_word' id='word_1_214' title='bbox 918 2205 1030 2254; x_wconf 81' lang='lat' dir='ltr'>prius</span> <span class='ocrx_word' id='word_1_215' title='bbox 1062 2205 1313 2247; x_wconf 68' lang='lat' dir='ltr'>innuentem,</span> <span class='ocrx_word' id='word_1_216' title='bbox 1336 2218 1408 2243; x_wconf 82' lang='lat' dir='ltr'>ncc</span> <span class='ocrx_word' id='word_1_217' title='bbox 1440 2210 1620 2243; x_wconf 80' lang='lat' dir='ltr'>moratus</span> 
     </span>
     <span class='ocr_line' id='line_1_32' title="bbox 290 2275 1618 2325; baseline 0.002 -14"><span class='ocrx_word' id='word_1_218' title='bbox 290 2275 403 2313; x_wconf 85' lang='lat' dir='ltr'>tollit</span> <span class='ocrx_word' id='word_1_219' title='bbox 436 2275 575 2312; x_wconf 72' lang='lat' dir='ltr'>lumen</span> <span class='ocrx_word' id='word_1_220' title='bbox 609 2280 649 2312; x_wconf 85' lang='lat' dir='ltr'>et</span> <span class='ocrx_word' id='word_1_221' title='bbox 681 2275 877 2325; x_wconf 68' lang='lat' dir='ltr'>sequitur.</span> <span class='ocrx_word' id='word_1_222' title='bbox 953 2276 1043 2312; x_wconf 80' lang='lat' dir='ltr'>Ibat</span> <span class='ocrx_word' id='word_1_223' title='bbox 1083 2275 1153 2312; x_wconf 84' lang='lat' dir='ltr'>illu</span> <span class='ocrx_word' id='word_1_224' title='bbox 1189 2275 1300 2312; x_wconf 77' lang='lat' dir='ltr'>lento</span> <span class='ocrx_word' id='word_1_225' title='bbox 1331 2275 1471 2322; x_wconf 79' lang='lat' dir='ltr'>gradu,</span> <span class='ocrx_word' id='word_1_226' title='bbox 1503 2276 1618 2325; x_wconf 81' lang='lat' dir='ltr'>quasi</span> 
     </span>
    </p>
   </div>
   <div class='ocr_carea' id='block_1_8' title="bbox 227 2344 1623 2395">
    <p class='ocr_par' dir='ltr' id='par_1_8' title="bbox 227 2344 1623 2395">
     <span class='ocr_line' id='line_1_33' title="bbox 227 2344 1623 2395; baseline -0.002 -12"><span class='ocrx_word' id='word_1_227' title='bbox 227 2358 264 2384; x_wconf 70' lang='lat'>:30</span> <span class='ocrx_word' id='word_1_228' title='bbox 292 2345 428 2394; x_wconf 84' lang='lat' dir='ltr'>gravis</span> <span class='ocrx_word' id='word_1_229' title='bbox 466 2345 662 2382; x_wconf 82' lang='lat' dir='ltr'>vinculis:</span> <span class='ocrx_word' id='word_1_230' title='bbox 697 2349 913 2395; x_wconf 81' lang='lat' dir='ltr'>postquam</span> <span class='ocrx_word' id='word_1_231' title='bbox 950 2344 1119 2382; x_wconf 71' lang='lat' dir='ltr'>deflexit</span> <span class='ocrx_word' id='word_1_232' title='bbox 1154 2345 1194 2381; x_wconf 90' lang='lat' dir='ltr'>in</span> <span class='ocrx_word' id='word_1_233' title='bbox 1225 2358 1359 2382; x_wconf 81' lang='lat' dir='ltr'>arcum</span> <span class='ocrx_word' id='word_1_234' title='bbox 1389 2346 1623 2393; x_wconf 77' lang='lat' dir='ltr'>doinus,1·e-</span> 
     </span>
    </p>
   </div>
   <div class='ocr_carea' id='block_1_9' title="bbox 292 2415 1623 2464">
    <p class='ocr_par' dir='ltr' id='par_1_9' title="bbox 292 2415 1623 2464">
     <span class='ocr_line' id='line_1_34' title="bbox 292 2415 1623 2464; baseline 0.002 -14"><span class='ocrx_word' id='word_1_235' title='bbox 292 2419 413 2464; x_wconf 68' lang='lat' dir='ltr'>pente</span> <span class='ocrx_word' id='word_1_236' title='bbox 438 2415 600 2464; x_wconf 78' lang='lat' dir='ltr'>dilapsa</span> <span class='ocrx_word' id='word_1_237' title='bbox 629 2415 782 2452; x_wconf 69' lang='lat' dir='ltr'>deserit</span> <span class='ocrx_word' id='word_1_238' title='bbox 811 2415 1024 2452; x_wconf 73' lang='lat' dir='ltr'>comitem:</span> <span class='ocrx_word' id='word_1_239' title='bbox 1058 2416 1244 2452; x_wconf 63' lang='lat' dir='ltr'>desertus</span> <span class='ocrx_word' id='word_1_240' title='bbox 1273 2415 1419 2453; x_wconf 80' lang='lat' dir='ltr'>herbas</span> <span class='ocrx_word' id='word_1_241' title='bbox 1449 2420 1490 2452; x_wconf 84' lang='lat' dir='ltr'>et</span> <span class='ocrx_word' id='word_1_242' title='bbox 1521 2415 1623 2453; x_wconf 83' lang='lat' dir='ltr'>folia</span> 
     </span>
    </p>
   </div>
   <div class='ocr_carea' id='block_1_10' title="bbox 291 2484 1623 2534">
    <p class='ocr_par' dir='ltr' id='par_1_10' title="bbox 291 2484 1623 2534">
     <span class='ocr_line' id='line_1_35' title="bbox 291 2484 1623 2534; baseline 0.001 -13"><span class='ocrx_word' id='word_1_243' title='bbox 291 2490 510 2534; x_wconf 74' lang='lat' dir='ltr'>concerpta</span> <span class='ocrx_word' id='word_1_244' title='bbox 531 2485 692 2530; x_wconf 73' lang='lat' dir='ltr'>signum</span> <span class='ocrx_word' id='word_1_245' title='bbox 718 2485 805 2522; x_wconf 78' lang='lat' dir='ltr'>loco</span> <span class='ocrx_word' id='word_1_246' title='bbox 831 2485 956 2534; x_wconf 82' lang='lat' dir='ltr'>ponit.</span> <span class='ocrx_word' id='word_1_247' title='bbox 1021 2485 1189 2521; x_wconf 71' lang='lat' dir='ltr'>l&#39;ostcw</span> <span class='ocrx_word' id='word_1_248' title='bbox 1213 2484 1278 2521; x_wconf 84' lang='lat' dir='ltr'>dic</span> <span class='ocrx_word' id='word_1_249' title='bbox 1304 2484 1392 2521; x_wconf 84' lang='lat' dir='ltr'>adit</span> <span class='ocrx_word' id='word_1_250' title='bbox 1413 2485 1623 2532; x_wconf 77' lang='lat' dir='ltr'>magistra-</span> 
     </span>
    </p>
   </div>
   <div class='ocr_carea' id='block_1_11' title="bbox 1658 541 1676 569">
    <p class='ocr_par' dir='ltr' id='par_1_11' title="bbox 1658 541 1676 569">
     <span class='ocr_line' id='line_1_36' title="bbox 1658 541 1676 569; baseline -0.111 0"><span class='ocrx_word' id='word_1_251' title='bbox 1658 541 1676 569; x_wconf 69' lang='grc'>(1</span> 
     </span>
    </p>
   </div>
   <div class='ocr_carea' id='block_1_12' title="bbox 1649 1935 1667 1963">
    <p class='ocr_par' dir='ltr' id='par_1_12' title="bbox 1649 1935 1667 1963">
     <span class='ocr_line' id='line_1_37' title="bbox 1649 1935 1667 1963; baseline -0.111 0"><span class='ocrx_word' id='word_1_252' title='bbox 1649 1935 1667 1963; x_wconf 83' lang='grc'><strong>9</strong></span> 
     </span>
    </p>
   </div>
   <div class='ocr_carea' id='block_1_13' title="bbox 1650 2291 1687 2319">
    <p class='ocr_par' dir='ltr' id='par_1_13' title="bbox 1650 2291 1687 2319">
     <span class='ocr_line' id='line_1_38' title="bbox 1650 2291 1687 2319; baseline 0.027 -1"><span class='ocrx_word' id='word_1_253' title='bbox 1650 2291 1687 2319; x_wconf 91' lang='grc'>10</span> 
     </span>
    </p>
   </div>
   <div class='ocr_carea' id='block_1_14' title="bbox 1652 2495 1683 2522">
    <p class='ocr_par' dir='ltr' id='par_1_14' title="bbox 1652 2495 1683 2522">
     <span class='ocr_line' id='line_1_39' title="bbox 1652 2495 1683 2522; baseline 0 0"><span class='ocrx_word' id='word_1_254' title='bbox 1652 2495 1683 2522; x_wconf 87' lang='grc'>11</span> 
     </span>
    </p>
   </div>
  </div>
 </body>
</html>
