1875 2812
160 2334 195 2361 10

160 2471 194 2498 11

639 178 985 211 EPISTULARUM
1018 180 1082 212 111.
1111 181 1140 213 τ.
1491 176 1546 215 43

218 294 341 329 natus
362 290 608 329 insanabilis
629 291 783 339 clavus,
805 293 921 330 6111113
948 293 1086 331 taedio
1110 294 1162 332 ad
1191 298 1363 332 mortem
1393 295 1548 333 inrevo-

218 361 342 399 cabili
371 361 606 399 constantia
636 361 881 416 decucurrit,
912 376 1040 413 usque
1079 364 1131 401 ad
1171 377 1405 414 supremum
1439 366 1547 403 diem

218 431 363 469 beatus
397 434 439 469 et
472 431 589 479 felix,
624 431 705 469 nisi
744 433 853 482 quod
892 433 1091 471 minorem
1131 446 1180 471 ex
1214 434 1355 473 liberis
1390 435 1547 473 duobus

218 501 370 549 amisit,
393 501 464 539 sed
488 501 683 539 maiorem
711 502 1002 552 melioremque
1028 503 1239 541 florentem
1273 508 1395 554 atque
1423 505 1545 543 etiam

218 572 474 610 consularem
503 571 683 621 reliquit.
742 573 938 610 Laeserat
958 573 1111 611 famam
1138 586 1253 611 suam
1275 575 1350 612 sub
1371 575 1546 621 Nerone,
1575 584 1591 609 ἴ

219 642 460 679 credebatur
490 645 635 691 sponte
665 654 897 690 accusasse,
935 643 1006 680 sed
1036 643 1078 680 in
1103 643 1248 681 Vitelli
1279 644 1462 682 amicitia
1491 658 1549 682 sa-

219 713 380 762 pienter
414 724 456 750 se
488 716 529 749 et
567 712 736 749 comiter
775 717 969 761 gesserat,
1004 726 1053 750 ex
1093 714 1385 763 proconsulatu
1424 715 1547 752 Asiae

219 782 391 831 gloriam
422 786 715 832 reportaverat,
744 782 946 820 maculam
973 783 1122 837 yeteris
1154 784 1382 822 industriae
1412 784 1548 822 lauda-

219 853 294 891 bili
333 852 417 890 otio
456 851 656 889 abluerat.
716 852 814 889 Fuit
848 852 956 890 inter
994 853 1201 903 principes
1240 853 1421 891 civitatis
1461 854 1548 891 31116

220 922 416 972 potentia,
439 922 526 959 sine
548 921 724 959 invidia:
757 921 1025 970 salutabatur,
1047 922 1268 971 colebatur,
1291 923 1548 973 multumque

219 992 263 1029 in
300 991 452 1030 lectulo
486 992 624 1029 iacens
661 991 849 1029 cubiculo
883 1004 1044 1042 semper
1075 1005 1157 1030 non
1191 1004 1241 1029 ex
1275 993 1442 1030 fortuna
1473 993 1550 1030 fre-

220 1062 363 1112 quenti
395 1061 648 1099 doctissimis
688 1061 943 1099 sermonibus
983 1062 1071 1099 dies
1110 1062 1365 1110 transigebat
1403 1075 1494 1100 611111
1526 1075 1549 1100 a

220 1132 436 1170 scribendo
455 1135 630 1169 vacaret.
690 1131 904 1169 Scribebat
923 1132 1106 1169 carmina
1125 1132 1276 1169 maiore
1306 1144 1403 1169 cura
1426 1145 1546 1181 quam

219 1202 397 1251 ingenio,
426 1214 507 1239 non
535 1213 760 1250 numquam
799 1201 954 1239 iudicia
992 1201 1203 1239 hominum
1239 1202 1548 1239 recitationibus

220 1272 519 1322 experiebatur.
577 1271 815 1309 Novissime
846 1272 905 1309 ita
935 1271 1203 1310 suadentibus
1231 1271 1349 1309 annis
1373 1272 1422 1309 ab
1448 1272 1548 1309 urbe

221 1341 401 1390 secessit,
420 1353 544 1391 seque
566 1341 609 1378 in
631 1341 857 1390 Campania
877 1341 1024 1388 tenuit,
1043 1354 1087 1379 ac
1108 1353 1159 1379 ne
1181 1341 1362 1379 adventu
1383 1341 1549 1390 quidem

219 1412 315 1450 novi
338 1411 538 1462 principis
559 1411 655 1448 inde
676 1414 903 1449 commotus
929 1415 1001 1449 est.
1061 1412 1214 1459 Magna
1234 1411 1419 1449 Caesaris
1447 1411 1547 1458 laus,

221 1483 296 1521 sub
316 1494 396 1532 quo
416 1481 492 1518 1106
517 1481 692 1519 liberum
715 1481 808 1528 fuit,
831 1493 979 1529 magna
1006 1480 1132 1528 illius,
1155 1480 1225 1530 qui
1253 1481 1329 1518 hac
1359 1480 1548 1518 libertate

220 1565 343 1590 ausus
371 1555 433 1589 est
462 1551 533 1589 1111.
594 1551 697 1588 Erat
729 1551 936 1599 φιλόκαλος
965 1563 1094 1600 usque
1125 1550 1176 1588 ad
1205 1550 1434 1588 emacitatis
1464 1562 1549 1599 rep-

220 1622 517 1660 rehensionem.
581 1621 728 1659 Plures
768 1621 896 1658 isdem
938 1621 980 1657 in
1015 1620 1114 1658 locis
1154 1620 1275 1658 villas
1314 1620 1582 1670 possidebat·

221 1692 505 1741 adamatisque
540 1691 657 1728 novis
691 1691 845 1740 priores
877 1690 1129 1739 neglegebat.
1188 1689 1368 1727 Multum
1398 1689 1549 1738 ubique

220 1762 430 1809 librorum,
465 1761 643 1798 multum
682 1764 924 1800 statuarum.
955 1760 1129 1797 multum
1170 1759 1406 1807 imaginum,
1447 1771 1548 1808 quas

220 1846 302 1870 non
340 1832 518 1870 habebat
556 1831 677 1868 modo
716 1843 857 1868 verum
896 1830 1020 1868 etiam
1064 1830 1347 1876 venerabatur,
1391 1829 1547 1876 Vergili

221 1907 316 1941 ante
346 1914 498 1949 omnes,
529 1901 646 1939 6111113
675 1900 855 1938 natalem
890 1900 1121 1949 religiosius
1152 1912 1274 1949 quam
1305 1912 1421 1937 suum
1452 1898 1550 1935 cele-

221 1973 377 2019 brabat,
399 1971 577 2021 Neapoli
605 1971 795 2017 maxime,
819 1970 888 2007 ubi
917 1970 1215 2007 monimentum
1245 1969 1331 2006 eius
1362 1968 1473 2006 adire
1504 1972 1549 2005 ut

221 2042 423 2092 templum
453 2041 621 2079 solebat.
681 2041 733 2077 In
756 2040 832 2078 hac
859 2039 1163 2088 tranquillitate
1185 2051 1336 2076 annum
1359 2038 1545 2087 quintum

222 2117 263 2150 et
292 2111 642 2162 septuagesimum
663 2110 852 2157 excessit,
875 2109 1051 2147 delicato
1071 2109 1201 2157 magis
1231 2120 1396 2157 corpore
1427 2120 1548 2156 quam

222 2182 407 2230 111111111ος
446 2186 574 2231 utque
608 2181 859 2219 novissimus
894 2192 917 2217 a
946 2180 1110 2217 Nerone
1139 2180 1272 2216 factus
1303 2182 1364 2215 est
1395 2177 1547 2217 consul,

223 2253 282 2290 ita
318 2257 551 2302 postremus
581 2263 631 2288 ex
665 2251 854 2288 omnibus
889 2262 990 2299 quos
1030 2250 1141 2286 Nero
1175 2247 1361 2285 consules
1396 2247 1549 2284 fecerat

223 2322 410 2361 decessit.
468 2321 583 2358 Illud
616 2321 739 2358 etiam
773 2319 965 2361 notabile,
1002 2319 1172 2356 ultimus
1213 2330 1262 2354 ex
1300 2316 1549 2354 Neronianis
1577 2322 1594 2348 ἱ»

223 2392 507 2430 consularibus
541 2391 643 2428 obiit
678 2402 757 2440 quo
788 2389 953 2427 consule
990 2389 1099 2425 Nero
1135 2387 1267 2437 periit.
1336 2387 1451 2431 Quod
1487 2399 1548 2422 me

223 2462 506 2500 recordantem
526 2460 771 2509 fragilitatis
798 2459 1001 2496 humanae
1029 2457 1238 2495 miseratio
1266 2456 1385 2494 subit.
1444 2455 1549 2500 Quid

1578 927 1614 954 10

1578 1277 1612 1305 15
