1875 2812
198 1242 216 1270 N>

208 2500 225 2528 7

650 197 999 232 EPISTULARUM
1032 196 1080 228 11.
1108 196 1158 227 10.
1511 184 1564 225 25

235 316 424 355 omnibus
453 327 562 353 nuno
591 326 665 363 ego
694 313 738 351 in
765 325 848 350 uno
876 311 1031 350 referre
1052 309 1228 359 gratiam
1249 320 1428 358 possum.
1486 307 1566 344 Ita-

235 399 314 438 que
343 398 492 437 prenso
522 384 686 431 amicos,
711 382 913 433 supplico,
935 380 1082 429 ambio,
1114 380 1254 417 domos
1285 377 1565 425 stationesque

236 458 451 504 circumeo,
473 459 756 505 quantumque
777 452 843 490 vel
873 450 1120 490 auctoritate
1150 448 1215 486 vel
1246 447 1379 496 gratia
1407 446 1566 484 valeam

237 526 425 578 precibus
456 523 655 574 experior.
713 523 853 572 Teque
875 521 1041 559 obsecro
1061 523 1106 557 ut
1126 518 1307 568 aliquam
1328 516 1463 554 oneris
1489 515 1567 552 mei

237 601 396 648 partem
413 594 620 644 suscipere
636 592 744 631 tanti
760 595 891 642 putes.
949 590 1139 628 Reddam
1156 588 1299 634 vicem,
1317 586 1352 624 si
1368 597 1566 635 reposces,

238 667 407 705 reddam
430 668 471 703 et
498 664 533 703 si
559 676 642 701 non
667 673 866 712 reposces.
924 658 1135 708 Diligeris,
1156 657 1315 704 coleris,
1336 656 1570 705 frequenta-

239 737 316 776 ris:
349 735 520 774 ostende
540 733 661 771 modo
683 731 788 770 velle
809 735 861 779 te,
884 742 958 768 nec
979 729 1151 768 deerunt
1171 727 1243 778 qui
1264 726 1373 777 quod
1398 729 1445 763 tu
1466 723 1569 762 velis

239 807 418 858 cupiant.
476 804 590 844 Vale.
1002 843 1004 845 Ι

809 872 877 911 23.
918 870 1007 920 (Χ.)

559 979 598 1012 C.
631 977 821 1010 PLINIUS
854 974 1066 1008 OCTAVIO
1100 972 1187 1005 SUO
1220 972 1253 1004 S.

679 1066 917 1099 Exhorcacz‘on
934 1068 968 1096 co
980 1063 1138 1103 publish.

296 1158 521 1199 Hominem
554 1160 595 1194 te
629 1154 857 1206 patientem
895 1151 961 1189 vel
999 1150 1137 1201 potius
1176 1149 1323 1186 durum
1362 1160 1407 1185 ac
1446 1158 1573 1197 paene

244 1230 465 1276 crudelem,
483 1227 555 1278 qui
570 1231 655 1264 tam
677 1224 861 1272 insignes
877 1222 1005 1260 libros
1022 1224 1107 1258 tam
1128 1219 1201 1256 diu
1220 1222 1361 1256 teneas
1377 1219 1384 1255 Σ
1424 1217 1574 1262 Quous-

245 1314 323 1352 que
354 1304 395 1338 et
422 1298 500 1337 tibi
530 1301 570 1335 et
599 1295 718 1333 nobis
748 1292 967 1339 invidebis,
988 1290 1066 1328 tibi
1096 1289 1276 1327 maxima
1303 1287 1435 1333 laude,
1456 1285 1573 1323 nobis

245 1370 494 1421 voluptate?
555 1366 651 1405 Sine
686 1377 757 1414 per
787 1375 858 1401 ora
890 1361 1104 1399 hominum
1134 1359 1324 1396 ferantur
1362 1356 1575 1405 isdemque

247 1441 397 1492 quibus
430 1439 574 1487 lingua
607 1436 793 1473 Romana
825 1431 970 1482 spatiis
1005 1432 1291 1480 pervagentur.
1350 1427 1503 1473 Magna
1536 1428 1575 1461 et

246 1512 329 1550 iam
349 1511 472 1559 longa
492 1505 725 1557 expectatio
745 1507 820 1551 est,
838 1514 960 1551 quam
981 1498 1175 1538 frustrari
1195 1497 1329 1536 adhuc
1350 1500 1390 1533 et
1411 1495 1575 1532 differre

247 1595 330 1620 non
358 1580 493 1619 debes.
551 1577 812 1615 Enotuerunt
842 1571 1009 1621 quidam
1039 1569 1101 1607 tui
1131 1580 1273 1605 versus
1305 1570 1345 1604 et
1377 1565 1507 1602 invito
1536 1567 1576 1601 te

249 1652 432 1690 claustra
461 1660 535 1687 sua
564 1646 836 1693 refregerunt.
895 1642 984 1679 Hos
1019 1639 1099 1677 nisi
1129 1636 1306 1675 retrahis
1340 1636 1383 1672 in
1418 1646 1576 1683 corpus,

249 1720 495 1772 quandoque
522 1720 569 1754 ut
593 1726 756 1754 errones
787 1712 966 1761 aliquem
991 1709 1107 1747 cuius
1135 1707 1325 1745 dicantur
1352 1704 1575 1742 invenient.

250 1792 370 1830 Habe
392 1793 488 1827 ante
509 1786 648 1826 oculos
668 1783 978 1827 mortalitatem,
998 1792 1021 1818 a
1036 1791 1117 1828 qua
1133 1778 1320 1815 adserere
1340 1779 1379 1813 te
1401 1774 1475 1811 lior
1497 1786 1578 1810 11110

250 1861 503 1900 monimento
534 1861 672 1907 potes:
717 1866 812 1891 nam
851 1855 986 1889 cetera
1022 1847 1191 1897 fragilia
1229 1850 1269 1883 et
1307 1845 1460 1883 caduca
1498 1856 1579 1880 11011

251 1932 387 1969 minus
409 1941 532 1979 quam
556 1926 637 1976 ipsi
664 1923 852 1962 homines
880 1920 1071 1959 occidunt
1099 1917 1384 1965 desinuntque.
1444 1913 1577 1954 Dices.r

250 2005 297 2039 ut
329 2000 447 2047 soles,
481 1996 625 2036 ‘amici
664 1994 745 2032 mei
784 1990 991 2029 viderint.’
1054 1988 1160 2038 Opto
1199 1985 1388 2036 equidem
1429 1983 1579 2021 amicos

251 2071 329 2110 tibi
353 2075 439 2108 tam
460 2067 616 2113 fideles,
637 2069 721 2103 tam
753 2062 947 2108 eruditos,
970 2064 1055 2097 tam
1085 2056 1319 2102 laboriosos,
1343 2058 1387 2091 ut
1417 2056 1579 2090 tantum

252 2153 373 2179 curae
403 2135 731 2184 intentionisque
767 2132 975 2181 suscipere
1006 2134 1045 2166 et
1075 2127 1236 2178 possint
1266 2130 1306 2162 et
1336 2123 1477 2165 velint,
1510 2122 1580 2158 sed

253 2210 409 2261 dispice
429 2221 479 2246 ne
501 2207 556 2245 sit
576 2217 721 2256 parum
743 2201 962 2253 providum
984 2210 1146 2248 sperare
1168 2209 1217 2233 ex
1245 2194 1337 2232 aliis
1366 2192 1473 2242 quod
1504 2191 1579 2228 tibi

252 2281 340 2330 ipse
369 2292 451 2317 non
481 2279 675 2327 praestes.
734 2273 789 2310 Et
823 2272 872 2309 de
907 2269 1087 2307 editione
1126 2266 1293 2316 quidem
1331 2262 1496 2300 interim
1536 2265 1579 2297 ut
1609 2270 1633 2295 0.

253 2350 388 2388 voles:
429 2348 558 2386 recita
587 2345 747 2390 saltem,
778 2354 858 2391 quo
887 2339 1017 2387 magis
1058 2338 1184 2375 libeat
1222 2334 1422 2374 emittere,
1457 2335 1579 2379 utque

253 2420 423 2459 tandem
456 2415 662 2468 percipias
698 2412 904 2461 gaudium.
941 2408 1051 2458 quod
1085 2419 1158 2455 ego
1192 2405 1288 2442 olim
1324 2416 1396 2452 pro
1430 2406 1469 2438 tc
1502 2413 1580 2436 nou

253 2494 407 2528 temere
437 2497 664 2538 praesumo.
737 2480 947 2529 Imaginor
976 2478 1086 2515 enim
1116 2475 1186 2525 qui
1216 2484 1447 2518 coiu‘ursus,
1479 2481 1581 2519 quae

1603 1222 1639 1250 10

1607 1570 1642 1599 15
