1875 2812
192 1032 228 1060 13

192 1448 228 1476 14

195 2005 230 2032 1ss

646 212 989 244 EPISTULARUM
1025 212 1103 242 vn.
1132 213 1185 243 27.
1523 204 1576 244 99

255 330 335 374 tus,
360 330 499 364 monet
525 330 572 364 ut
601 325 718 363 illum
749 326 880 364 loenm
910 326 1033 363 effodi
1064 326 1242 363 iubeant.
1301 325 1577 362 Inveniuntur

256 408 349 434 ossa
368 395 524 434 inserta
542 396 696 434 eatenis
713 399 754 433 et
770 396 970 445 inplicita,
987 407 1091 445 quae
1107 408 1252 444 eorpus
1273 407 1372 432 aevo
1388 399 1576 443 terraque

256 465 535 515 putrefactum
564 465 674 502 nuda
703 468 743 502 et
772 478 894 503 exesa
922 465 1144 514 reliquerat
1174 463 1370 502 vinculis:
1406 463 1578 501 collecta

256 535 418 585 publice
448 534 714 584 sepeliuntur.
772 535 927 572 Domus
961 538 1104 584 postea
1136 533 1213 571 rite
1242 533 1419 571 conditis
1453 532 1578 570 mani-

255 605 331 643 bus
357 604 500 643 earuit.
558 605 613 641 Et
641 604 741 641 haee
770 604 937 653 quidem
961 602 1273 641 adfirmantibus
1299 603 1440 640 eredo:
1472 602 1577 639 illud

255 674 472 712 adfirmare
493 673 586 711 aliis
608 686 783 723 possum.
842 674 919 711 Est
940 673 1112 710 libertus
1137 672 1251 719 mihi,
1273 684 1354 709 non
1379 671 1577 709 inlittera-

255 748 333 782 tus.
392 744 495 782 Cum
521 743 597 780 hoe
621 743 753 780 minor
780 742 909 780 frater
933 742 1073 779 eodem
1099 741 1204 779 lecto
1230 741 1474 790 quiescebat.
1532 741 1575 779 Is

258 814 369 852 visus
400 816 463 851 est
497 812 575 851 sibi
606 824 769 850 eernere
804 811 1008 861 quendam
1041 811 1085 848 in
1117 815 1206 848 toro
1235 810 1480 848 residentem
1511 810 1577 848 ad-

255 887 569 932 moventemque
607 881 734 931 eapiti
773 893 846 919 suo
883 880 1037 918 cultros
1075 884 1199 929 atque
1237 879 1361 917 etiam
1399 891 1449 916 ex
1486 879 1575 929 ipso

255 953 407 990 vertice
446 955 727 1001 amputantem
765 950 947 1000 capillos.
1015 949 1099 988 Ubi
1136 949 1300 996 inluxit,
1344 949 1431 998 ipse
1469 948 1576 986 eirea

258 1022 450 1060 verticem
476 1026 631 1068 tonsus,
662 1019 803 1069 capilli
833 1020 1012 1057 iacentes
1042 1018 1311 1068 reperiuntur.
1368 1017 1573 1066 Exiguum

255 1091 451 1141 temporis
489 1090 681 1137 inedium,
721 1093 762 1126 et
799 1102 938 1126 rursus
973 1087 1108 1126 simile
1145 1087 1259 1125 aliud
1292 1086 1418 1136 priori
1451 1086 1574 1124 fidem

255 1161 367 1199 feeit.
424 1161 532 1198 Puer
566 1160 609 1197 in
642 1158 892 1208 paedagogio
926 1157 1079 1194 mixtus
1109 1156 1296 1206 pluribus
1325 1155 1571 1193 dormiebat:

255 1235 456 1268 venerunt
484 1236 556 1279 pe'r
585 1230 790 1266 fenestras
823 1227 899 1278 (ita
920 1227 1077 1278 narrat)
1109 1226 1151 1262 in
1180 1225 1331 1263 tunicis
1361 1225 1465 1262 albis
1494 1225 1575 1262 duo

253 1301 552 1349 cubantemque
583 1298 869 1343 detonderunt,
900 1300 940 1333 et
969 1308 1050 1345 qua
1077 1298 1275 1332 venerant
1307 1298 1571 1332 recesserunt.

255 1371 378 1407 Hune
417 1380 578 1418 quoque
615 1372 780 1405 tonsum
828 1377 1071 1415 sparsosque
1115 1364 1223 1402 eirea
1268 1363 1439 1413 capillos
1486 1363 1574 1401 dies

255 1439 446 1478 ostendit.
518 1436 636 1475 Nihil
666 1435 847 1473 notabile
878 1438 1074 1481 secutum,
1106 1433 1185 1471 nisi
1215 1434 1321 1470 forte
1351 1432 1459 1482 quod
1493 1444 1573 1469 non

255 1509 317 1546 fui
339 1521 442 1555 reus,
464 1508 642 1553 futurus,
665 1506 699 1543 si
721 1504 994 1550 Domitianus,
1013 1503 1087 1540 sub
1108 1515 1187 1552 quo
1207 1502 1306 1539 haee
1327 1501 1573 1547 aeciderunt,

256 1578 412 1616 diutius
441 1577 624 1614 vixisset.
682 1576 790 1612 Nam
821 1574 863 1611 in
893 1573 1042 1611 scrinio
1072 1572 1158 1609 eius
1189 1572 1308 1609 datus
1338 1584 1362 1608 a
1390 1572 1492 1609 Caro
1525 1571 1574 1607 de

256 1660 318 1685 me
343 1646 510 1685 libellus
540 1645 732 1682 inventus
757 1648 840 1690 est,
875 1655 923 1679 ex
954 1655 1033 1691 quo
1062 1641 1279 1678 coniectari
1311 1644 1457 1689 potest,
1479 1639 1576 1689 quia

256 1717 335 1755 reis
356 1716 479 1754 moris
501 1719 563 1753 est
584 1713 838 1751 summittere
858 1711 1064 1761 capillum,
1083 1709 1232 1747 1·e‹·is0s
1254 1722 1433 1746 meorum
1454 1708 1576 1758 capil-

256 1787 316 1823 los
356 1784 517 1835 depulsi
564 1783 671 1832 quod
718 1781 959 1818 imminebat
1006 1779 1177 1829 periculi
1225 1778 1384 1825 signum
1432 1777 1572 1815 fuisse.

257 1855 434 1893 Proinde
474 1866 568 1901 rogo
607 1851 879 1888 eruditionem
916 1854 1029 1886 tuam
1069 1848 1268 1885 intendas.
1341 1846 1476 1894 Digna
1512 1858 1574 1884 res

257 1929 319 1962 est
357 1935 479 1973 quam
517 1922 588 1959 (1111
627 1920 884 1968 multumque
922 1918 1175 1955 eonsideres:
1220 1928 1269 1953 ne
1304 1928 1376 1963 ego
1410 1915 1574 1964 quidem

258 1993 452 2041 indignus
486 1991 549 2028 eui
575 1990 731 2039 copiam
761 1988 955 2026 scientiae
986 1991 1079 2024 tuae
1109 1986 1248 2023 facias
1308 1985 1422 2022 Lieet
1452 1984 1573 2021 etiam

257 2068 473 2111 utramque
503 2061 545 2097 in
574 2064 744 2108 partem,
765 2062 812 2094 ut
841 2057 957 2099 soles,
983 2056 1182 2104 disputes,
1204 2066 1253 2091 ex
1282 2054 1411 2091 altera
1439 2057 1573 2090 tamen

258 2131 420 2177 fortius,
455 2141 505 2167 ne
544 2140 607 2165 lne
646 2139 888 2176 suspensum
928 2125 1208 2172 incertumque
1248 2123 1445 2168 dimittas,
1485 2135 1572 2158 ‹zuin

258 2200 359 2238 mihi
400 2197 638 2237 consulendi
678 2207 800 2233 eausa
844 2193 972 2231 fuerit
1011 2197 1056 2230 ut
1101 2191 1289 2230 dubitare
1335 2190 1573 2229 desinerem.

257 2269 371 2308 Vale.

1603 960 1639 988 10

1602 1305 1638 1333 15

1601 1651 1639 1679 20
