1875 2812
189 390 207 419 8

178 949 214 977 10

181 1370 216 1398 11

193 2490 229 2518 14

650 184 996 219 EPISTULARUM
1028 184 1073 214 11.
1103 182 1154 214 17.
1510 170 1562 209 31

235 308 307 359 qui
333 305 522 344 nubilum
551 303 754 341 inducunt
781 304 821 338 et
849 310 1037 338 serenum
1065 300 1161 334 ante
1188 306 1310 344 quain
1336 304 1456 330 usum
1484 290 1563 328 loci

236 377 429 428 eripiunt.
484 372 733 420 Adnectitur
763 370 913 418 angulo
943 366 1177 406 cubiculum
1207 364 1249 401 in
1279 362 1456 412 hapsida
1481 373 1566 398 cur-

236 453 391 495 vatum,
422 445 533 496 quod
563 442 762 481 ambitum
795 440 893 479 solis
923 437 1118 476 fenestris
1149 434 1337 473 omnibus
1368 431 1563 481 sequitur.

236 518 395 557 Parieti
422 516 509 554 eius
537 515 578 551 in
607 511 880 551 bibliothecae
911 508 1087 558 speciem
1115 504 1337 544 armarium
1367 502 1565 540 insertum

238 594 312 637 est,
335 587 444 637 quod
467 598 550 623 non
574 582 769 631 legendos
797 580 923 618 libros
947 574 1286 616 sedlectitandos
1307 572 1428 621 capit.
1487 570 1568 607 Ad-

238 659 381 697 haeret
410 653 699 694 dormitorium
730 650 957 688 membrum
987 646 1168 685 transitu
1193 642 1475 688 interiacente,
1497 639 1568 688 qui

240 740 464 778 suspensus
490 729 530 763 et
559 722 775 762 tubulatus
802 722 1045 768 conceptum
1073 727 1264 766 vaporem
1293 711 1447 751 salubri
1471 714 1570 748 tem-

240 800 479 849 peramento
506 795 585 832 huc
610 793 710 830 illuc
740 790 892 839 digerit
922 793 963 826 et
985 786 1213 839 ministrat.
1288 782 1452 830 {eliqua
1475 792 1569 830 pars

240 868 384 907 lateris
413 866 536 904 11111115
568 875 776 903 servorum
817 860 1139 905 libertorumque
1174 854 1315 892 usibus
1350 851 1569 895 detinetur,

241 938 451 989 plerisque
475 939 557 973 tani
591 932 757 970 mundis
781 934 827 968 ut
852 929 1036 978 accipere
1063 925 1249 974 hospites
1278 921 1448 972 possint.
1508 920 1571 956 Ex

243 1009 324 1047 alio
345 1008 473 1045 latere
494 1003 728 1043 cubiculum
745 1004 808 1039 est
822 998 1140 1050 politissimum3
1167 993 1315 1031 deinde
1333 991 1397 1028 vel
1414 989 1573 1027 cubicu-

244 1079 329 1116 lum
362 1076 516 1125 grande
542 1074 607 1111 vel
636 1072 797 1110 modica
827 1068 999 1113 cenatio,
1026 1077 1130 1116 quae
1159 1062 1338 1114 plurimo
1368 1060 1463 1107 sole,
1488 1058 1573 1108 plu-

244 1149 348 1187 rimo
375 1147 478 1184 mari
509 1145 640 1191 lucet,
674 1145 767 1192 post
794 1141 901 1178 hanc
931 1136 1165 1176 cubiculum
1195 1146 1286 1171 cuin
1318 1133 1571 1182 procoetone,

245 1217 467 1258 altitudine
510 1214 726 1259 aestivum,
762 1208 1030 1248 munimentis
1071 1206 1311 1243 hibernum:
1361 1204 1423 1238 est
1464 1199 1573 1236 0111111

246 1289 493 1328 subductum
515 1284 704 1323 omnibus
725 1281 872 1319 ventis.
932 1278 1043 1315 Huic
1064 1273 1251 1314 cubiculo
1277 1271 1390 1310 aliud
1420 1274 1460 1307 et
1489 1281 1575 1318 pro-

245 1362 390 1397 coeton
419 1354 625 1395 communi
656 1352 812 1402 pariete
842 1350 1079 1397 iunguntur.
1157 1343 1261 1381 Inde
1290 1340 1443 1379 balinei
1473 1337 1576 1376 cella

246 1427 465 1478 frigidaria
495 1424 677 1475 spatiosa
706 1427 746 1460 et
776 1421 918 1466 effusa,
949 1418 1065 1455 cuius
1095 1416 1138 1452 111
1167 1411 1383 1451 contrariis
1412 1408 1577 1459 parieti-

246 1500 323 1538 bus
348 1499 429 1536 duo
452 1493 698 1546 baptisteria
728 1491 840 1529 velut
870 1489 999 1527 eiecta
1028 1487 1258 1529 sinuantur,
1280 1480 1440 1520 abunde
1463 1490 1577 1528 capa-

247 1570 322 1617 cia,
355 1568 389 1606 si
420 1578 539 1604 mare
578 1565 621 1601 in
651 1562 838 1613 proximo
877 1559 1042 1608 cogites.
1119 1554 1294 1591 Adiacet
1330 1548 1575 1593 unctoriuin,

248 1640 547 1690 hypocauston,
580 1634 740 1672 adiacet
769 1629 1024 1680 propnigeon
1054 1623 1219 1670 balinei,
1250 1634 1344 1659 mox
1374 1620 1476 1657 duae
1503 1617 1578 1655 cel-

250 1710 313 1747 lae
342 1707 474 1756 inagis
504 1706 713 1753 elegantes
744 1713 865 1751 quain
898 1700 1183 1747 sumptuosae:
1227 1692 1417 1730 cohaeret
1445 1687 1579 1726 calida

205 1794 209 1801 ¹
250 1779 411 1830 piscina
440 1775 625 1820 mirifica,
667 1785 716 1810 ex
755 1783 837 1821 qua
874 1771 1065 1807 natantes
1102 1776 1213 1802 mare
1251 1761 1470 1811 aspiciunt,
1505 1770 1578 1794 nec

252 1848 393 1900 procul
432 1843 786 1896 sphaeristerium,
826 1839 934 1889 qnod
975 1835 1228 1875 calidissimo
1267 1831 1343 1870 soli
1381 1828 1579 1866 inclinato

252 1920 333 1958 iam
364 1918 430 1956 die
461 1914 648 1954 occurrit.
719 1911 800 1949 Hic
831 1909 958 1947 turris
989 1906 1173 1952 erigitur,
1205 1902 1280 1941 sub
1310 1912 1391 1950 qua
1421 1899 1579 1936 diaetae

253 1990 370 2037 duae,
392 1987 565 2026 totidem
586 1984 630 2021 in
650 1983 752 2033 ipsa,
774 1983 987 2031 praeterea
1007 1974 1180 2017 cenatio,
1203 1984 1306 2022 quae
1331 1968 1580 2008 latissimum

254 2072 377 2106 mare,
408 2055 697 2104 longissimum
726 2052 837 2097 litus,
868 2048 990 2086 villas
1030 2043 1340 2084 amoenissimas
1370 2037 1578 2089 prospicit.

254 2130 332 2167 Est
360 2131 401 2165 et
428 2127 511 2164 alia
533 2124 682 2163 turris:
714 2122 758 2159 in
781 2120 858 2158 hac
879 2116 1125 2161 cubiculum,
1148 2114 1191 2151 in
1218 2125 1298 2161 quo
1320 2109 1379 2148 sol
1400 2107 1582 2145 nascitur

254 2198 547 2246 conditurque:
598 2194 684 2231 lata
713 2194 806 2241 post
837 2187 1036 2238 apotheca
1065 2188 1105 2222 et
1134 2184 1345 2220 horreum:
1396 2178 1470 2216 sub
1508 2177 1582 2213 hoc

255 2268 496 2314 triclinium,
519 2264 628 2314 quod
657 2260 813 2300 turbati
844 2258 970 2296 maris
999 2269 1080 2294 non
1110 2254 1191 2291 nisi
1221 2252 1424 2300 fragorem
1457 2251 1497 2284 et
1527 2259 1583 2284 50-

256 2352 353 2376 1111111
392 2336 561 2387 patitur,
601 2344 776 2381 eumque
815 2330 896 2367 iani
945 2325 1186 2374 languidum
1227 2325 1266 2359 et
1305 2319 1581 2359 desinente1n3

255 2409 421 2446 hortum
470 2409 510 2443 et
558 2402 827 2453 gestationem
868 2398 996 2441 videt,
1037 2407 1118 2444 qua
1164 2393 1307 2429 hortus
1346 2386 1581 2425 includitur,

258 2476 449 2517 Gestatio
470 2475 579 2513 buxo
611 2476 681 2510 aut
712 2482 800 2508 rore
831 2467 1001 2511 marino⁷
1026 2464 1095 2502 ubi
1123 2461 1263 2500 deficit
1287 2460 1431 2499 buxus,
1463 2454 1585 2493 :unbi-

1601 926 1637 954 10

1603 1278 1638 1305 15

1605 1627 1643 1655 20

1613 2326 1648 2353 30
