1859 2828
173 937 208 966 10

174 1289 187 1317 1

190 1289 208 1317 5

171 2342 208 2369 :30

235 168 318 210 126
802 173 840 206 c.
870 173 1002 205 PLINI

234 292 393 330 tendos.
451 291 553 329 Mox
584 290 674 340 ipso
702 293 898 343 tractatU,
919 292 967 326 ut
996 288 1086 326 fieri
1108 287 1224 336 solet,
1246 286 1509 331 diffundente
1531 298 1573 324 se

235 363 418 410 crimine,
441 361 583 412 plures
609 361 767 411 species
797 360 1045 397 inciderunt.
1105 358 1351 408 Propositus
1376 361 1438 395 est
1460 356 1575 395 libel·
1602 363 1619 391 5

235 433 300 471 lus
322 433 410 471 sine
432 435 596 470 auctore
618 431 845 469 multorum
869 430 1039 468 nomina
1065 429 1294 467 continens.
1353 428 1433 473 Qui
1456 439 1576 476 nega-

234 504 335 542 bant
369 515 458 541 esse
491 515 532 541 se
565 502 826 540 Christianos
858 504 929 539 aut
961 500 1105 548 fuisse,
1131 512 1223 537 cum
1256 502 1480 550 praeeunte
1510 510 1575 535 me

236 574 334 612 deos
355 573 617 624 appellarent
637 576 678 610 et
698 571 872 620 imagini
892 575 1001 618 tuae,
1020 583 1142 620 quam
1163 574 1333 620 propter
1353 569 1430 611 hoc
1452 569 1576 607 iusse-

236 657 323 682 ram
345 656 438 681 cum
459 642 692 682 simulacris
720 642 937 679 numinum
968 641 1137 689 adferri,
1158 644 1250 678 ture
1281 652 1327 678 ac
1356 639 1454 677 vino
1484 652 1577 689 sup-

236 714 452 765 plicarent,
474 716 689 764 praeterea
718 712 824 750 male
855 712 1041 750 dicerent
1071 711 1250 758 Christo,
1273 722 1447 760 quorum
1468 709 1576 747 nihil

236 798 355 836 posse
377 785 467 834 cogi
488 785 684 823 dicuntur
705 783 777 834 qui
799 787 896 821 sunt
920 795 963 820 re
987 794 1084 820 vera
1105 781 1348 830 Christiani,
1367 781 1578 818 dimitten-

237 857 310 894 dos
336 868 425 894 esse
450 855 606 906 putavi.
666 854 755 892 Alii
783 854 833 892 ab
862 853 999 891 indice
1026 853 1231 890 nominati
1258 864 1346 891 esse
1375 864 1417 889 se
1442 851 1578 890 Chris·
1606 853 1624 882 6

236 927 373 965 tianos
403 927 600 965 dixerunt
629 929 670 963 et
700 938 795 963 mox
826 927 1106 974 negaverunt,
1138 923 1269 961 fuisse
1300 922 1480 973 quidem,
1507 922 1579 960 sed

237 997 406 1045 desisse,
428 997 596 1048 quidam
620 1001 716 1034 ante
738 995 879 1046 plures
901 1007 1043 1042 annos,
1066 1007 1147 1031 non
1174 1006 1295 1031 nemo
1325 993 1451 1031 etiam
1482 997 1577 1031 ante

234 1068 398 1117 viginti.
457 1067 518 1105 Hi
539 1079 702 1117 quoque
719 1077 860 1104 omnes
882 1062 1168 1113 et'imaginem
1189 1068 1303 1102 tuam
1326 1064 1577 1114 deorumque

239 1137 461 1175 simulacra
495 1136 681 1174 venerati
704 1139 801 1174 sunt
819 1139 873 1173 ‘et
902 1135 1069 1174 Christo
1104 1134 1212 1172 male
1244 1134 1450 1172 dixerunt.
1466 1135 1579 1193 ‘Ad-

237 1208 460 1246 firmabant
497 1212 636 1245 autem
675 1207 782 1244 hanc
814 1206 946 1244 fuisse
979 1218 1183 1243 suminam
1208 1205 1273 1242 vel
1302 1205 1447 1255 culpae
1482 1217 1578 1243 suae
1608 1208 1624 1236 7

237 1279 303 1316 vel
325 1279 486 1327 erroris,
508 1278 618 1328 quod
639 1280 777 1315 essent
798 1276 911 1315 soliti
937 1280 1046 1314 stato
1072 1276 1137 1313 die
1159 1280 1254 1313 ante
1279 1275 1411 1313 lucem
1437 1288 1581 1313 conve-

237 1350 325 1387 nire
346 1361 594 1398 carmenque
616 1348 784 1387 Christo
805 1346 925 1397 quasi
950 1347 1026 1384 deo
1051 1347 1187 1385 dicere
1218 1358 1355 1384 secum
1386 1346 1577 1393 invicem,

239 1433 363 1471 seque
386 1423 643 1458 sacramento
664 1431 747 1456 non
774 1419 818 1456 in
850 1418 983 1456 scelus
1013 1417 1182 1467 aliquod
1213 1417 1483 1465 obstringere,
1506 1417 1579 1455 sed

237 1504 288 1529 ne
324 1491 449 1539 furta,
484 1503 535 1527 ne
574 1489 805 1537 latrocinia,
838 1501 889 1526 ne
928 1488 1136 1526 adulteria
1172 1488 1492 1535 committerent,
1527 1500 1578 1525 ne

237 1561 361 1599 fidem
383 1561 592 1608 fallerent,
615 1572 666 1597 116
688 1559 925 1609 depositum
954 1558 1155 1608 appellati
1187 1558 1460 1607 abnegarent:
1493 1558 1579 1608 qui-

236 1632 313 1670 bus
352 1631 530 1681 peractis
569 1643 724 1668 morem
767 1630 845 1667 sibi
885 1629 1127 1667 discedendi
1170 1628 1312 1675 fuisse,
1353 1641 1577 1678 rursusque

237 1702 411 1740 coeundi
431 1702 482 1740 ad
503 1701 751 1751 capiendum
773 1700 922 1747 cibum,
940 1699 1219 1749 promiscuum
1242 1702 1380 1736 tamen
1401 1702 1442 1736 et
1466 1698 1579 1736 inno-

238 1773 375 1822 xium3
416 1772 525 1822 quod
564 1772 701 1821 ipsum
736 1771 871 1808 facere
902 1769 1059 1808 desisse
1090 1773 1184 1819 post
1214 1769 1396 1806 edictum
1426 1781 1575 1816 meum,

238 1856 319 1893 quo
358 1843 584 1881 seeundum
622 1841 819 1879 mandata
860 1844 933 1878 tua
974 1840 1182 1878 hetaerias
1222 1851 1310 1893 6556
1349 1843 1573 1877 vetueram.

237 1914 325 1959 Quo
347 1913 476 1961 magis
502 1911 782 1950 necessarium
812 1910 969 1949 credidi
1000 1922 1050 1947 ex
1081 1910 1241 1947 duabus
1271 1909 1448 1956 ancillis,
1471 1922 1575 1959 quae
1605 1919 1623 1945 ὅ

237 1983 452 2022 ministrae
487 1983 741 2029 di‹‘·ebantur,
774 1981 875 2031 quid
914 1984 1022 2019 esset
1057 1980 1144 2017 veri
1179 1983 1220 2017 et
1258 1992 1331 2030 per
1369 1983 1577 2018 tormenta
1646 1973 1652 1977 ⁶

237 2066 443 2104 quaerere.
502 2052 623 2090 Nihil
655 2052 767 2090 aliud
799 2051 940 2088 inveni
965 2063 1088 2100 quain
1119 2050 1457 2100 superstitionem
1488 2062 1576 2099 pra-

237 2138 330 2162 vam
353 2124 613 2161 inmodicam.
673 2123 774 2159 ldeo
796 2122 927 2159 dilata
947 2121 1181 2169 cognitione
1202 2121 1255 2158 ad
1278 2120 1573 2157 consulendum

236 2199 276 2232 te
298 2194 524 2232 decucurri.
584 2193 686 2231 Visa
705 2196 768 2230 est
785 2192 894 2229 6111111
913 2191 1015 2228 1111111
1033 2204 1097 2229 res
1115 2191 1240 2240 digna
1256 2190 1572 2238 consultatione,
1602 2200 1621 2226 9

236 2266 416 2303 maxime
455 2268 623 2314 propter
658 2262 987 2313 periclitantium
1018 2274 1246 2298 numerum.
1305 2260 1433 2298 Multi
1463 2261 1573 2298 enim

237 2336 370 2373 omnis
402 2335 565 2379 aetatis,
591 2334 724 2371 omnis
755 2333 924 2380 ordinis,
947 2332 1163 2380 utriusque
1194 2344 1316 2368 sexus
1347 2331 1483 2379 etiam,
1510 2344 1575 2368 vo-

236 2410 381 2443 cantur
401 2406 441 2442 111
466 2405 692 2455 periculum
716 2408 757 2441 et
778 2404 1045 2441 v‹i‹‘<al›ulitiil·.
1104 2403 1251 2451 Neque
1272 2401 1464 2439 civitates
1489 2405 1575 2439 tan-

236 2480 323 2514 tum
365 2476 435 2513 scd
477 2475 587 2512 vicos
627 2474 751 2512 ctiam
791 2477 915 2523 atque
952 2486 1072 2521 agros
1107 2471 1417 2522 superstitionis
1452 2472 1573 2510 istius
