1859 2828
231 177 313 219 116
797 184 835 217 C.
864 185 997 216 PLINI

747 324 815 363 97.
828 357 833 361 ,.
855 322 1052 374 (XXIV.)

521 430 560 462 C.
594 429 786 461 PLINIUS
820 428 1085 461 SABINIANO
1118 429 1207 462 SUO
1241 429 1274 462 S.

420 528 564 561 Success
582 529 624 569 os
637 529 780 567 Plimss
799 529 1026 560 intereos-sion
1036 528 1101 568 for
1118 528 1172 560 che
1183 528 1382 568 fleedman.

284 627 398 665 Bene
427 626 568 664 fecisti
598 626 708 675 quod
736 625 932 663 libertum
953 624 1177 675 aliquando
1199 624 1276 662 tibi
1297 626 1438 662 carnin
1459 625 1574 663 reduss
1602 642 1617 669 1

231 697 421 736 centibus
452 696 645 747 epistulis
676 695 779 734 meis
810 696 854 733 in
884 695 1063 743 domum,
1086 695 1129 732 in
1150 694 1334 732 animum
1364 695 1570 745 recepisti.

232 767 401 806 Iuvabit
430 767 506 804 hoc
536 770 600 805 te.
640 779 704 804 me
734 764 844 804 certe
874 766 1014 813 iuvat3
1050 765 1242 815 primum,
1274 765 1384 815 quod
1414 769 1455 803 te
1487 769 1571 803 tam

231 837 493 876 tractabilem
532 837 654 874 video
692 841 739 874 ut
778 836 822 874 in
860 836 922 874 ira
961 836 1047 884 regi
1086 835 1233 885 possis,
1270 835 1432 884 deinde,
1464 835 1575 885 quod

184 920 203 948 5
231 912 395 946 tantum
425 907 530 945 mihi
558 907 709 945 tribuis
741 911 787 944 ut
817 906 883 944 vel
913 906 1153 944 auctoritati
1188 917 1302 944 meae
1332 918 1477 955 pareas
1507 905 1573 943 vel

232 978 423 1029 precibus
445 977 672 1026 indulgeas.
732 977 869 1026 Igitur
893 977 1016 1015 laudo
1046 980 1087 1014 et
1116 976 1271 1025 gratias
1293 988 1378 1025 ago.
1439 975 1574 1014 Simul

232 1049 276 1087 in
297 1052 505 1099 posterum
539 1060 684 1086 moneo
714 1052 759 1086 ut
788 1052 829 1085 te
859 1047 1066 1085 erroribus
1088 1051 1265 1095 tuorum⁷
1288 1046 1368 1085 etsi
1388 1058 1471 1084 non
1490 1046 1575 1084 fue-

232 1119 288 1158 rit
308 1119 381 1170 qui
402 1119 658 1169 deprecetur,
681 1117 927 1169 placabilem
949 1121 1144 1168 praestes.
1204 1116 1318 1156 Vale.

725 1264 794 1304 98.
834 1263 1085 1315 (XXXIII.)

563 1371 600 1403 C.
636 1371 828 1404 PLINIUS
861 1370 1062 1403 CANINIO
1095 1370 1184 1403 SUO
1217 1370 1251 1403 S.

571 1471 778 1511 I'Vondeoff'ul
796 1471 866 1503 tale
883 1470 925 1511 os
936 1479 957 1502 α
975 1474 1066 1502 came
1084 1470 1244 1510 dolphc'n.

288 1569 426 1608 Incidi
456 1568 499 1606 in
529 1569 746 1607 materiam
768 1581 920 1617 veram,
952 1568 1023 1606 sed
1054 1567 1313 1606 simillimam
1342 1567 1463 1606 fictae
1493 1567 1578 1617 dig·
1606 1570 1622 1599 1

170 1647 208 1676 10
235 1652 413 1690 namque
443 1639 524 1678 isto
553 1639 796 1687 laetissimo,
819 1638 1037 1687 altissimo,
1060 1638 1266 1689 planeque
1288 1638 1449 1688 poetico
1470 1637 1579 1686 inge-

235 1710 317 1758 nio,
340 1709 469 1748 incidi
490 1714 641 1758 autem,
664 1709 762 1747 dum
793 1722 916 1759 super
945 1721 1088 1747 cenam
1109 1708 1225 1747 varia
1252 1707 1453 1746 miracula
1481 1707 1578 1745 hinc

236 1780 333 1818 inde
377 1780 626 1818 referuntur.
703 1780 860 1829 Magna
897 1779 1055 1817 auctori
1094 1778 1218 1817 fides:
1268 1778 1438 1817 tametsi
1477 1778 1579 1828 quid

237 1854 381 1901 poetae
412 1863 504 1888 011111
534 1850 614 1888 fide
631 1853 650 1887 ἱ)
710 1851 752 1888 Is
782 1855 923 1888 tamen
952 1854 1094 1888 auctor
1123 1849 1188 1888 cui
1220 1849 1322 1887 bene
1353 1848 1419 1886 vel
1454 1848 1580 1886 histo-

238 1921 341 1959 riam
373 1921 602 1971 scripturus
632 1920 889 1958 credidisses.
948 1921 1025 1958 Est
1052 1920 1094 1957 in
1117 1919 1263 1957 Africa
1292 1919 1578 1969 Hipponensis
1607 1924 1625 1952 2

173 2000 210 2029 15
238 1991 410 2038 00101113,
433 1991 537 2029 mari
563 1991 775 2041 proxima:
817 1990 979 2028 adiacet
1008 1989 1244 2038 navigabile
1275 1993 1487 2038 stagnum:
1529 2001 1579 2025 ex

238 2061 314 2099 1100
345 2061 388 2098 111
418 2061 585 2099 modum
616 2060 801 2099 fluminis
840 2060 1090 2099 aestuarium
1132 2060 1319 2109 emergit,
1351 2059 1459 2108 quod
1492 2058 1579 2095 vice

239 2132 412 2179 alterna,
452 2135 575 2181 prout
622 2136 762 2170 aestus
805 2136 876 2169 aut
918 2131 1117 2181 repressit
1156 2134 1227 2168 aut
1266 2129 1432 2179 inpulit,
1473 2141 1580 2166 1111110

240 2202 421 2239 infertur
459 2202 562 2239 mari
602 2214 710 2239 nunc
750 2202 939 2239 redditur
979 2205 1134 2249 stagno.
1195 2200 1340 2238 Omnis
1370 2199 1437 2236 hic
1467 2202 1580 2236 aetas
1609 2207 1627 2234 3

240 2272 442 2322 piscandi,
464 2272 703 2320 navigandi,
726 2276 849 2321 atqiu¹
881 2272 1005 2309 etiam
1037 2271 1207 2309 natandi
1240 2270 1378 2308 studio
1403 2273 1579 2312 tenetur,

175 2354 213 2383 20
242 2343 419 2380 maxime
441 2342 570 2392 pueri,
589 2355 690 2392 (11105
712 2342 839 2379 otium
865 2342 1061 2391 lususque
1080 2341 1288 2379 sollicitat.
1349 2340 1430 2377 His
1451 2339 1583 2388 gloria

242 2417 283 2451 et
314 2413 446 2450 virtus
477 2412 680 2450 altissime
703 2413 896 2462 provehi:
930 2413 1061 2450 vietor
1083 2412 1153 2449 ille
1175 2411 1244 2461 qui
1268 2410 1508 2459 longissime
1536 2413 1584 2446 ut

242 2483 343 2522 litus
378 2483 438 2521 ita
471 2482 595 2521 simul
635 2486 828 2521 natantes
869 2482 1046 2532 reliquit.
1108 2482 1199 2519 Hoc
1228 2480 1452 2519 certamine
1483 2491 1583 2530 puer
1611 2491 1629 2518 4
