1859 2828
194 1331 230 1359 10

253 210 307 252 52
820 215 858 248 o.
888 214 1019 246 PLINI

252 332 396 371 mines.
454 332 566 370 Nam
587 343 679 369 cum
700 330 744 368 in
765 329 955 368 omnibus
978 318 1098 367 rebus
1128 331 1218 366 tum
1247 326 1291 364 in
1321 324 1593 376 disponendis

252 403 526 442 facultatibus
557 401 781 453 plurimum
812 400 891 439 tibi
921 403 963 438 et
990 412 1091 438 usus
1129 402 1171 437 et
1204 396 1492 448 providentiae
1532 409 1594 435 su-

252 477 401 525 perest.
459 473 575 512 Vale.

803 585 873 625 40.
913 584 1045 635 (XX.)

473 700 512 733 C.
547 698 740 732 PLINIUS
772 697 946 731 MESSIO
980 695 1182 728 MAXIMO
1216 694 1304 728 SUO
1337 694 1371 727 S.

682 798 753 830 The
772 798 881 829 balloc
900 798 938 828 in
956 797 1011 828 the
1032 794 1170 828 Senace.

310 897 597 937 Meministine
613 900 653 934 te
671 908 792 945 saepe
813 894 964 943 legisse
985 896 1164 943 quantas
1185 891 1470 930 contentiones
1492 890 1596 928 exci-

256 970 357 1008 tarit
377 969 445 1006 lex
465 966 686 1006 tabellaria
711 969 997 1015 quantumque
1019 963 1100 1014 ipsi
1122 962 1246 1001 latori
1267 961 1331 1000 vel
1353 961 1508 1010 gloriae
1529 960 1595 998 vel

256 1038 590 1091 reprehensionis
624 1036 850 1075 attulerit?
918 1035 976 1072 At
1006 1046 1113 1071 nuno
1144 1033 1184 1070 in
1218 1036 1363 1071 senatu
1394 1031 1482 1070 sine
1511 1031 1598 1069 ulla

257 1110 516 1150 dissensione
545 1109 621 1146 hoc
652 1107 761 1145 idem
790 1110 838 1144 ut
867 1105 1070 1155 optimum
1101 1103 1278 1154 placuit:
1315 1114 1457 1140 omnes
1477 1101 1597 1140 eomi-

258 1182 410 1220 tiorum
450 1180 515 1217 die
554 1177 730 1217 tabellas
761 1176 1089 1227 postulaverunt.
1150 1174 1469 1211 Excesseramus
1500 1184 1597 1210 sane

258 1250 495 1290 manifestis
535 1249 620 1286 illis
660 1247 898 1298 apertisque
938 1245 1149 1293 suffragiis
1195 1243 1407 1281 licentiam
1446 1242 1598 1280 contio-

258 1335 369 1360 num.
427 1321 523 1359 Non
553 1324 716 1369 tempus
748 1317 957 1367 loquendi,
979 1329 1061 1354 11011
1084 1314 1249 1353 tacendi
1279 1313 1493 1361 modestia,
1515 1326 1598 1350 non

259 1393 438 1442 denique
460 1390 631 1429 sedendi
653 1389 835 1437 dignitas
858 1387 1179 1425 custodiebatur.
1240 1385 1385 1433 Magni
1412 1383 1597 1433 undique

260 1462 498 1511 dissonique
527 1461 738 1505 clamores,
762 1458 1060 1509 procurrebant
1081 1468 1222 1494 omnes
1243 1468 1335 1493 011111
1358 1455 1443 1493 suis
1464 1453 1599 1492 candi-

259 1534 381 1581 datis,
400 1532 531 1569 multa
547 1530 713 1579 agmina
734 1530 777 1566 in
798 1528 933 1566 medio
954 1527 1157 1576 multique
1179 1525 1323 1564 circuli
1345 1530 1385 1563 et
1407 1525 1600 1562 indecora

259 1603 469 1642 confusio:
513 1602 614 1640 adeo
646 1600 953 1638 desciveramus
987 1611 1010 1636 a
1040 1596 1337 1635 consuetudine
1367 1598 1597 1646 parentum,

260 1674 371 1724 apud
392 1686 493 1723 quos
515 1671 653 1710 omnia
674 1670 879 1720 disposita
907 1669 1121 1707 moderata
1149 1665 1389 1716 tranquilla,
1413 1665 1599 1703 maiestar

260 1749 344 1783 tem
383 1743 462 1782 loci
501 1742 783 1792 pudoremque
817 1739 1064 1777 retinebant.
1125 1738 1358 1787 Supersunt
1388 1748 1518 1783 senes,
1549 1747 1599 1772 ex

260 1815 411 1865 quibus
450 1813 592 1851 audire
633 1811 743 1850 soleo
780 1811 890 1848 hunc
925 1809 1111 1847 ordinem
1146 1807 1428 1846 comitiorum:
1470 1805 1600 1843 citato

260 1885 427 1923 nomine
457 1882 671 1922 candidati
703 1880 915 1919 silentium
948 1892 1173 1926 summum3
1215 1877 1380 1916 dicebat
1409 1876 1497 1926 ipse
1527 1888 1600 1926 pro

262 1968 316 2003 se,
349 1954 585 2005 explicabat
614 1953 743 1990 vitam
780 1964 908 1998 suam,
940 1954 1068 1988 testes
1107 1953 1148 1987 et
1186 1948 1423 1986 laudatores
1462 1946 1599 1992 dabat,

262 2026 328 2064 vel
351 2038 443 2063 eum
465 2025 540 2063 sub
561 2036 641 2073 quo
662 2022 917 2077 militaverat
939 2020 1003 2057 vel
1032 2033 1123 2057 eum
1153 2018 1218 2056 cui
1248 2021 1442 2068 quaestor
1463 2017 1601 2054 fuerat

262 2096 328 2134 vel
358 2099 593 2143 utrumque,
619 2093 652 2131 si
680 2096 854 2143 poterat,
886 2090 1066 2128 addebat
1096 2089 1294 2139 quosdam
1325 2100 1374 2125 ex
1406 2087 1602 2134 suffraga-

262 2166 443 2205 toribus:
484 2164 545 2201 illi
579 2163 761 2211 graviter
791 2165 833 2199 et
863 2161 1004 2211 paucis
1044 2159 1331 2209 loquebantur.
1392 2156 1493 2194 Plus
1524 2156 1600 2193 hoc

264 2249 385 2286 quam
419 2246 558 2284 preces
590 2233 792 2283 proderat.
852 2232 944 2269 Non
990 2242 1213 2279 numquam
1254 2227 1500 2265 candidatus
1529 2230 1600 2264 aut

264 2306 423 2344 natales
462 2302 745 2353 competitoris
777 2306 848 2339 aut
878 2313 1006 2338 annos
1038 2304 1109 2337 aut
1139 2299 1264 2336 etiam
1296 2310 1428 2335 mores
1463 2308 1601 2345 argue-

209 2393 214 2405 )
263 2377 344 2415 bat.
404 2374 608 2412 Audiebat
639 2376 805 2410 senatus
837 2371 1041 2419 gravitate
1076 2368 1271 2406 censoria.
1330 2368 1398 2405 Ita
1436 2366 1601 2416 saepius

264 2446 380 2495 digni
411 2457 533 2495 quam
566 2442 737 2492 gratiosi
764 2441 1072 2491 praevalebant.
1132 2442 1243 2484 Quae
1266 2450 1374 2475 1111110
1395 2436 1601 2474 inmodico

264 2518 406 2555 favore
441 2517 645 2564 corrupta,
676 2513 729 2552 ad
758 2512 887 2551 tacita
918 2510 1116 2559 suffragia
1145 2509 1263 2559 quasi
1294 2508 1345 2546 ad
1374 2506 1600 2545 remedium

1625 900 1640 928 1

1625 1040 1643 1068 2

1626 1180 1644 1209 3

1627 1741 1645 1769 01

1629 2159 1647 2186 (ἱ
