<?xml version="1.0" encoding="UTF-8"?>
<!DOCTYPE html PUBLIC "-//W3C//DTD XHTML 1.0 Transitional//EN"
    "http://www.w3.org/TR/xhtml1/DTD/xhtml1-transitional.dtd">
<html xmlns="http://www.w3.org/1999/xhtml" xml:lang="en" lang="en">
 <head>
  <title>
</title>
<meta http-equiv="Content-Type" content="text/html;charset=utf-8" />
  <meta name='ocr-system' content='tesseract 3.04.00' />
  <meta name='ocr-capabilities' content='ocr_page ocr_carea ocr_par ocr_line ocrx_word'/>
</head>
<body>
  <div class='ocr_page' id='page_1' title='image "./cplinisecundiepi00plinuoft_0057.png"; bbox 0 0 1875 2812; ppageno 0'>
   <div class='ocr_carea' id='block_1_1' title="bbox 642 166 1546 207">
    <p class='ocr_par' dir='ltr' id='par_1_1' title="bbox 642 166 1546 207">
     <span class='ocr_line' id='line_1_1' title="bbox 642 166 1546 207; baseline 0.003 -3"><span class='ocrx_word' id='word_1_1' title='bbox 642 172 988 205; x_wconf 74' lang='lat' dir='ltr'><strong>EPISTULARUM</strong></span> <span class='ocrx_word' id='word_1_2' title='bbox 1020 173 1047 205; x_wconf 93' lang='lat'>1.</span> <span class='ocrx_word' id='word_1_3' title='bbox 1078 173 1128 206; x_wconf 92' lang='lat'>14.</span> <span class='ocrx_word' id='word_1_4' title='bbox 1494 166 1546 207; x_wconf 89' lang='lat'>11</span> 
     </span>
    </p>
   </div>
   <div class='ocr_carea' id='block_1_2' title="bbox 224 286 1546 337">
    <p class='ocr_par' dir='ltr' id='par_1_2' title="bbox 224 286 1546 337">
     <span class='ocr_line' id='line_1_2' title="bbox 224 286 1546 337; baseline 0.001 -12"><span class='ocrx_word' id='word_1_5' title='bbox 224 288 414 325; x_wconf 80' lang='lat' dir='ltr'>iuvenem</span> <span class='ocrx_word' id='word_1_6' title='bbox 443 299 493 325; x_wconf 83' lang='lat' dir='ltr'>ex</span> <span class='ocrx_word' id='word_1_7' title='bbox 522 299 601 337; x_wconf 88' lang='grc'>(1110</span> <span class='ocrx_word' id='word_1_8' title='bbox 632 286 745 325; x_wconf 86' lang='grc'>113501</span> <span class='ocrx_word' id='word_1_9' title='bbox 776 290 946 337; x_wconf 75' lang='lat' dir='ltr'>nepotes</span> <span class='ocrx_word' id='word_1_10' title='bbox 977 286 1161 325; x_wconf 81' lang='lat' dir='ltr'>Aruleno</span> <span class='ocrx_word' id='word_1_11' title='bbox 1192 288 1363 326; x_wconf 85' lang='lat' dir='ltr'>Rustico</span> <span class='ocrx_word' id='word_1_12' title='bbox 1394 289 1546 326; x_wconf 83' lang='lat' dir='ltr'>deceat.</span> 
     </span>
    </p>
   </div>
   <div class='ocr_carea' id='block_1_3' title="bbox 178 357 1548 408">
    <p class='ocr_par' dir='ltr' id='par_1_3' title="bbox 178 357 1548 408">
     <span class='ocr_line' id='line_1_3' title="bbox 178 357 1548 408; baseline 0.004 -17"><span class='ocrx_word' id='word_1_13' title='bbox 178 363 197 391; x_wconf 88' lang='lat'><strong>3</strong></span> <span class='ocrx_word' id='word_1_14' title='bbox 224 357 303 402; x_wconf 80' lang='lat' dir='ltr'>Qui</span> <span class='ocrx_word' id='word_1_15' title='bbox 324 357 487 407; x_wconf 85' lang='lat' dir='ltr'>quidem</span> <span class='ocrx_word' id='word_1_16' title='bbox 511 357 582 394; x_wconf 86' lang='grc'>(1111</span> <span class='ocrx_word' id='word_1_17' title='bbox 607 357 864 406; x_wconf 88' lang='lat' dir='ltr'>quaerendus</span> <span class='ocrx_word' id='word_1_18' title='bbox 886 357 1047 404; x_wconf 80' lang='lat' dir='ltr'>fuisset,</span> <span class='ocrx_word' id='word_1_19' title='bbox 1070 357 1149 394; x_wconf 86' lang='lat' dir='ltr'>nisi</span> <span class='ocrx_word' id='word_1_20' title='bbox 1180 362 1348 407; x_wconf 86' lang='lat' dir='ltr'>paratus</span> <span class='ocrx_word' id='word_1_21' title='bbox 1370 363 1409 395; x_wconf 89' lang='lat' dir='ltr'>et</span> <span class='ocrx_word' id='word_1_22' title='bbox 1431 359 1548 408; x_wconf 85' lang='lat' dir='ltr'>quasi</span> 
     </span>
    </p>
   </div>
   <div class='ocr_carea' id='block_1_4' title="bbox 178 1970 196 1998">
    <p class='ocr_par' dir='ltr' id='par_1_4' title="bbox 178 1970 196 1998">
     <span class='ocr_line' id='line_1_4' title="bbox 178 1970 196 1998; baseline 0 0"><span class='ocrx_word' id='word_1_23' title='bbox 178 1970 196 1998; x_wconf 78' lang='lat'>9</span> 
     </span>
    </p>
   </div>
   <div class='ocr_carea' id='block_1_5' title="bbox 223 426 1550 1591">
    <p class='ocr_par' dir='ltr' id='par_1_5' title="bbox 223 426 1550 1591">
     <span class='ocr_line' id='line_1_5' title="bbox 225 426 1550 476; baseline 0.002 -13"><span class='ocrx_word' id='word_1_24' title='bbox 225 429 412 476; x_wconf 89' lang='lat' dir='ltr'>provisus</span> <span class='ocrx_word' id='word_1_25' title='bbox 443 430 551 464; x_wconf 90' lang='lat' dir='ltr'>esset</span> <span class='ocrx_word' id='word_1_26' title='bbox 580 426 776 464; x_wconf 83' lang='lat' dir='ltr'>Minicius</span> <span class='ocrx_word' id='word_1_27' title='bbox 810 426 1036 474; x_wconf 74' lang='lat' dir='ltr'>Acilianus,</span> <span class='ocrx_word' id='word_1_28' title='bbox 1060 427 1130 476; x_wconf 86' lang='lat' dir='ltr'>qui</span> <span class='ocrx_word' id='word_1_29' title='bbox 1153 439 1215 464; x_wconf 89' lang='lat' dir='ltr'>me</span> <span class='ocrx_word' id='word_1_30' title='bbox 1237 431 1282 464; x_wconf 92' lang='lat' dir='ltr'>ut</span> <span class='ocrx_word' id='word_1_31' title='bbox 1303 428 1463 465; x_wconf 76' lang='lat' dir='ltr'>iuvenis</span> <span class='ocrx_word' id='word_1_32' title='bbox 1493 428 1550 465; x_wconf 90' lang='lat' dir='ltr'>iu-</span> 
     </span>
     <span class='ocr_line' id='line_1_6' title="bbox 224 496 1547 548; baseline 0.001 -14"><span class='ocrx_word' id='word_1_33' title='bbox 224 509 366 534; x_wconf 83' lang='lat' dir='ltr'>venem</span> <span class='ocrx_word' id='word_1_34' title='bbox 400 497 480 546; x_wconf 79' lang='lat' dir='ltr'>(est</span> <span class='ocrx_word' id='word_1_35' title='bbox 518 496 627 533; x_wconf 90' lang='lat' dir='ltr'>enim</span> <span class='ocrx_word' id='word_1_36' title='bbox 666 496 798 533; x_wconf 89' lang='lat' dir='ltr'>minor</span> <span class='ocrx_word' id='word_1_37' title='bbox 837 496 1022 545; x_wconf 84' lang='lat' dir='ltr'>pauculis</span> <span class='ocrx_word' id='word_1_38' title='bbox 1053 497 1190 548; x_wconf 87' lang='lat' dir='ltr'>annis)</span> <span class='ocrx_word' id='word_1_39' title='bbox 1225 497 1547 535; x_wconf 84' lang='lat' dir='ltr'>familiarissime</span> 
     </span>
     <span class='ocr_line' id='line_1_7' title="bbox 223 566 1550 614; baseline 0 -10"><span class='ocrx_word' id='word_1_40' title='bbox 223 566 374 614; x_wconf 83' lang='lat' dir='ltr'>diligit,</span> <span class='ocrx_word' id='word_1_41' title='bbox 395 570 605 603; x_wconf 74' lang='lat' dir='ltr'>reveretur</span> <span class='ocrx_word' id='word_1_42' title='bbox 624 569 671 603; x_wconf 86' lang='lat' dir='ltr'>nt</span> <span class='ocrx_word' id='word_1_43' title='bbox 693 578 841 604; x_wconf 87' lang='lat' dir='ltr'>senem.</span> <span class='ocrx_word' id='word_1_44' title='bbox 900 566 1007 603; x_wconf 84' lang='lat' dir='ltr'>Nam</span> <span class='ocrx_word' id='word_1_45' title='bbox 1022 566 1092 603; x_wconf 83' lang='lat' dir='ltr'>ita</span> <span class='ocrx_word' id='word_1_46' title='bbox 1112 566 1283 604; x_wconf 79' lang='lat' dir='ltr'>formari</span> <span class='ocrx_word' id='word_1_47' title='bbox 1305 579 1328 604; x_wconf 91' lang='lat' dir='ltr'>a</span> <span class='ocrx_word' id='word_1_48' title='bbox 1347 579 1410 604; x_wconf 89' lang='lat' dir='ltr'>me</span> <span class='ocrx_word' id='word_1_49' title='bbox 1431 571 1472 604; x_wconf 92' lang='lat' dir='ltr'>et</span> <span class='ocrx_word' id='word_1_50' title='bbox 1492 567 1550 604; x_wconf 91' lang='lat' dir='ltr'>in—</span> 
     </span>
     <span class='ocr_line' id='line_1_8' title="bbox 224 635 1549 685; baseline 0.001 -12"><span class='ocrx_word' id='word_1_51' title='bbox 224 636 342 674; x_wconf 86' lang='lat' dir='ltr'>stitui</span> <span class='ocrx_word' id='word_1_52' title='bbox 362 635 477 685; x_wconf 85' lang='lat' dir='ltr'>cupit</span> <span class='ocrx_word' id='word_1_53' title='bbox 496 639 543 673; x_wconf 86' lang='lat' dir='ltr'>ut</span> <span class='ocrx_word' id='word_1_54' title='bbox 564 648 636 683; x_wconf 89' lang='lat' dir='ltr'>ego</span> <span class='ocrx_word' id='word_1_55' title='bbox 657 647 681 673; x_wconf 88' lang='lat' dir='ltr'>a</span> <span class='ocrx_word' id='word_1_56' title='bbox 700 635 815 674; x_wconf 75' lang='lat' dir='ltr'>vobis</span> <span class='ocrx_word' id='word_1_57' title='bbox 846 635 1040 673; x_wconf 84' lang='lat' dir='ltr'>solebam.</span> <span class='ocrx_word' id='word_1_58' title='bbox 1098 636 1240 673; x_wconf 85' lang='lat' dir='ltr'>Patria</span> <span class='ocrx_word' id='word_1_59' title='bbox 1261 640 1324 673; x_wconf 85' lang='lat' dir='ltr'>est</span> <span class='ocrx_word' id='word_1_60' title='bbox 1344 636 1379 673; x_wconf 91' lang='lat' dir='ltr'>ei</span> <span class='ocrx_word' id='word_1_61' title='bbox 1406 637 1549 674; x_wconf 77' lang='lat' dir='ltr'>Brixia</span> 
     </span>
     <span class='ocr_line' id='line_1_9' title="bbox 223 705 1546 754; baseline 0.001 -12"><span class='ocrx_word' id='word_1_62' title='bbox 223 718 273 743; x_wconf 86' lang='lat' dir='ltr'>ex</span> <span class='ocrx_word' id='word_1_63' title='bbox 311 705 385 742; x_wconf 88' lang='lat' dir='ltr'>illa</span> <span class='ocrx_word' id='word_1_64' title='bbox 412 709 554 743; x_wconf 88' lang='lat' dir='ltr'>nostra</span> <span class='ocrx_word' id='word_1_65' title='bbox 592 705 728 753; x_wconf 77' lang='lat' dir='ltr'>Italia,</span> <span class='ocrx_word' id='word_1_66' title='bbox 760 717 864 754; x_wconf 81' lang='lat' dir='ltr'>qnae</span> <span class='ocrx_word' id='word_1_67' title='bbox 893 705 1069 742; x_wconf 87' lang='lat' dir='ltr'>multum</span> <span class='ocrx_word' id='word_1_68' title='bbox 1104 705 1236 743; x_wconf 90' lang='lat' dir='ltr'>adhuc</span> <span class='ocrx_word' id='word_1_69' title='bbox 1267 706 1546 753; x_wconf 85' lang='lat' dir='ltr'>verecundiae,</span> 
     </span>
     <span class='ocr_line' id='line_1_10' title="bbox 223 774 1548 824; baseline 0.001 -12"><span class='ocrx_word' id='word_1_70' title='bbox 223 775 479 824; x_wconf 70' lang='lat' dir='ltr'>frugalitatis</span> <span class='ocrx_word' id='word_1_71' title='bbox 510 779 632 824; x_wconf 84' lang='lat' dir='ltr'>atque</span> <span class='ocrx_word' id='word_1_72' title='bbox 654 774 778 812; x_wconf 89' lang='lat' dir='ltr'>etiam</span> <span class='ocrx_word' id='word_1_73' title='bbox 810 774 1056 812; x_wconf 76' lang='lat' dir='ltr'>rusticitatis</span> <span class='ocrx_word' id='word_1_74' title='bbox 1088 775 1281 824; x_wconf 78' lang='lat' dir='ltr'>antiquae</span> <span class='ocrx_word' id='word_1_75' title='bbox 1321 775 1473 813; x_wconf 86' lang='lat' dir='ltr'>retinet</span> <span class='ocrx_word' id='word_1_76' title='bbox 1503 788 1548 813; x_wconf 89' lang='lat' dir='ltr'>ac</span> 
     </span>
     <span class='ocr_line' id='line_1_11' title="bbox 225 844 1549 894; baseline 0 -12"><span class='ocrx_word' id='word_1_77' title='bbox 225 849 372 883; x_wconf 86' lang='lat' dir='ltr'>servat.</span> <span class='ocrx_word' id='word_1_78' title='bbox 430 845 554 882; x_wconf 87' lang='lat' dir='ltr'>Pater</span> <span class='ocrx_word' id='word_1_79' title='bbox 576 844 772 882; x_wconf 84' lang='lat' dir='ltr'>Minicius</span> <span class='ocrx_word' id='word_1_80' title='bbox 796 844 1018 891; x_wconf 83' lang='lat' dir='ltr'>Macrinus,</span> <span class='ocrx_word' id='word_1_81' title='bbox 1042 845 1243 894; x_wconf 82' lang='lat' dir='ltr'>equestris</span> <span class='ocrx_word' id='word_1_82' title='bbox 1265 845 1421 883; x_wconf 80' lang='lat' dir='ltr'>ordinis</span> <span class='ocrx_word' id='word_1_83' title='bbox 1443 845 1549 894; x_wconf 89' lang='lat' dir='ltr'>prin-</span> 
     </span>
     <span class='ocr_line' id='line_1_12' title="bbox 223 914 1549 964; baseline 0 -12"><span class='ocrx_word' id='word_1_84' title='bbox 223 927 330 964; x_wconf 82' lang='lat' dir='ltr'>ceps,</span> <span class='ocrx_word' id='word_1_85' title='bbox 352 914 450 964; x_wconf 88' lang='lat' dir='ltr'>quia</span> <span class='ocrx_word' id='word_1_86' title='bbox 478 914 584 951; x_wconf 89' lang='lat' dir='ltr'>nihil</span> <span class='ocrx_word' id='word_1_87' title='bbox 617 914 742 951; x_wconf 87' lang='lat' dir='ltr'>altius</span> <span class='ocrx_word' id='word_1_88' title='bbox 765 914 918 951; x_wconf 83' lang='lat' dir='ltr'>voluit:</span> <span class='ocrx_word' id='word_1_89' title='bbox 950 914 1136 951; x_wconf 86' lang='lat' dir='ltr'>adlectus</span> <span class='ocrx_word' id='word_1_90' title='bbox 1165 914 1272 951; x_wconf 86' lang='grc'>0111111</span> <span class='ocrx_word' id='word_1_91' title='bbox 1295 927 1318 952; x_wconf 85' lang='grc'>3</span> <span class='ocrx_word' id='word_1_92' title='bbox 1338 914 1433 952; x_wconf 84' lang='lat' dir='ltr'>divo</span> <span class='ocrx_word' id='word_1_93' title='bbox 1456 915 1549 952; x_wconf 81' lang='lat' dir='ltr'>Ves-</span> 
     </span>
     <span class='ocr_line' id='line_1_13' title="bbox 224 983 1548 1034; baseline 0 -12"><span class='ocrx_word' id='word_1_94' title='bbox 224 985 393 1034; x_wconf 78' lang='lat' dir='ltr'>pasiano</span> <span class='ocrx_word' id='word_1_95' title='bbox 414 984 521 1021; x_wconf 89' lang='lat' dir='ltr'>inter</span> <span class='ocrx_word' id='word_1_96' title='bbox 546 984 770 1033; x_wconf 89' lang='lat' dir='ltr'>praetorios</span> <span class='ocrx_word' id='word_1_97' title='bbox 802 983 1017 1021; x_wconf 79' lang='lat' dir='ltr'>honestam</span> <span class='ocrx_word' id='word_1_98' title='bbox 1048 984 1228 1033; x_wconf 85' lang='lat' dir='ltr'>quietem</span> <span class='ocrx_word' id='word_1_99' title='bbox 1260 984 1356 1021; x_wconf 89' lang='grc'>111110</span> <span class='ocrx_word' id='word_1_100' title='bbox 1387 988 1548 1022; x_wconf 84' lang='lat' dir='ltr'>nostrae</span> 
     </span>
     <span class='ocr_line' id='line_1_14' title="bbox 224 1053 1546 1103; baseline 0 -12"><span class='ocrx_word' id='word_1_101' title='bbox 224 1053 438 1092; x_wconf 82' lang='lat' dir='ltr'>ambitioni</span> <span class='ocrx_word' id='word_1_102' title='bbox 477 1054 609 1091; x_wconf 87' lang='lat' dir='ltr'>dicam</span> <span class='ocrx_word' id='word_1_103' title='bbox 647 1066 699 1091; x_wconf 88' lang='lat' dir='ltr'>an</span> <span class='ocrx_word' id='word_1_104' title='bbox 739 1053 932 1102; x_wconf 79' lang='lat' dir='ltr'>dignitati</span> <span class='ocrx_word' id='word_1_105' title='bbox 970 1053 1301 1091; x_wconf 75' lang='lat' dir='ltr'>constantissime</span> <span class='ocrx_word' id='word_1_106' title='bbox 1340 1054 1546 1103; x_wconf 86' lang='lat' dir='ltr'>praetulit.</span> 
     </span>
     <span class='ocr_line' id='line_1_15' title="bbox 224 1123 1549 1173; baseline -0.001 -12"><span class='ocrx_word' id='word_1_107' title='bbox 224 1124 363 1161; x_wconf 85' lang='lat' dir='ltr'>Habet</span> <span class='ocrx_word' id='word_1_108' title='bbox 384 1124 520 1161; x_wconf 87' lang='lat' dir='ltr'>aviam</span> <span class='ocrx_word' id='word_1_109' title='bbox 540 1127 768 1161; x_wconf 85' lang='lat' dir='ltr'>maternam</span> <span class='ocrx_word' id='word_1_110' title='bbox 800 1123 1015 1161; x_wconf 71' lang='lat' dir='ltr'>Serranam</span> <span class='ocrx_word' id='word_1_111' title='bbox 1045 1123 1261 1161; x_wconf 74' lang='lat' dir='ltr'>Proculam</span> <span class='ocrx_word' id='word_1_112' title='bbox 1284 1136 1304 1160; x_wconf 93' lang='lat' dir='ltr'>e</span> <span class='ocrx_word' id='word_1_113' title='bbox 1326 1123 1549 1173; x_wconf 84' lang='lat' dir='ltr'>municipio</span> 
     </span>
     <span class='ocr_line' id='line_1_16' title="bbox 225 1193 1548 1231; baseline 0.001 -1"><span class='ocrx_word' id='word_1_114' title='bbox 225 1193 437 1231; x_wconf 85' lang='lat' dir='ltr'>Patavino.</span> <span class='ocrx_word' id='word_1_115' title='bbox 495 1193 618 1231; x_wconf 86' lang='lat' dir='ltr'>Nosti</span> <span class='ocrx_word' id='word_1_116' title='bbox 651 1193 729 1231; x_wconf 87' lang='lat' dir='ltr'>loci</span> <span class='ocrx_word' id='word_1_117' title='bbox 762 1205 917 1231; x_wconf 88' lang='lat' dir='ltr'>mores:</span> <span class='ocrx_word' id='word_1_118' title='bbox 960 1193 1134 1231; x_wconf 79' lang='lat' dir='ltr'>Serrana</span> <span class='ocrx_word' id='word_1_119' title='bbox 1165 1197 1303 1230; x_wconf 90' lang='lat' dir='ltr'>tamen</span> <span class='ocrx_word' id='word_1_120' title='bbox 1334 1193 1548 1231; x_wconf 75' lang='lat' dir='ltr'>Patavinis</span> 
     </span>
     <span class='ocr_line' id='line_1_17' title="bbox 225 1262 1548 1312; baseline 0 -12"><span class='ocrx_word' id='word_1_121' title='bbox 225 1275 385 1312; x_wconf 86' lang='lat' dir='ltr'>quoque</span> <span class='ocrx_word' id='word_1_122' title='bbox 407 1263 641 1300; x_wconf 78' lang='lat' dir='ltr'>severitatis</span> <span class='ocrx_word' id='word_1_123' title='bbox 663 1262 898 1312; x_wconf 77' lang='lat' dir='ltr'>exemplum</span> <span class='ocrx_word' id='word_1_124' title='bbox 919 1267 993 1300; x_wconf 87' lang='lat' dir='ltr'>est.</span> <span class='ocrx_word' id='word_1_125' title='bbox 1052 1262 1237 1311; x_wconf 85' lang='lat' dir='ltr'>Contigit</span> <span class='ocrx_word' id='word_1_126' title='bbox 1258 1266 1298 1300; x_wconf 91' lang='lat' dir='ltr'>et</span> <span class='ocrx_word' id='word_1_127' title='bbox 1320 1262 1548 1300; x_wconf 81' lang='lat' dir='ltr'>avunculus</span> 
     </span>
     <span class='ocr_line' id='line_1_18' title="bbox 225 1332 1545 1382; baseline -0.002 -12"><span class='ocrx_word' id='word_1_128' title='bbox 225 1332 262 1370; x_wconf 90' lang='lat' dir='ltr'>ei</span> <span class='ocrx_word' id='word_1_129' title='bbox 290 1333 335 1370; x_wconf 83' lang='lat' dir='ltr'>P.</span> <span class='ocrx_word' id='word_1_130' title='bbox 367 1332 540 1380; x_wconf 82' lang='lat' dir='ltr'>Acilius,</span> <span class='ocrx_word' id='word_1_131' title='bbox 572 1333 775 1382; x_wconf 86' lang='lat' dir='ltr'>gravitate</span> <span class='ocrx_word' id='word_1_132' title='bbox 814 1333 1035 1382; x_wconf 88' lang='lat' dir='ltr'>prudentia</span> <span class='ocrx_word' id='word_1_133' title='bbox 1063 1332 1143 1369; x_wconf 87' lang='lat' dir='ltr'>fide</span> <span class='ocrx_word' id='word_1_134' title='bbox 1177 1344 1301 1382; x_wconf 80' lang='lat' dir='ltr'>prope</span> <span class='ocrx_word' id='word_1_135' title='bbox 1337 1332 1545 1380; x_wconf 80' lang='lat' dir='ltr'>singulari.</span> 
     </span>
     <span class='ocr_line' id='line_1_19' title="bbox 225 1402 1549 1451; baseline -0.001 -12"><span class='ocrx_word' id='word_1_136' title='bbox 225 1402 276 1439; x_wconf 87' lang='lat' dir='ltr'>In</span> <span class='ocrx_word' id='word_1_137' title='bbox 297 1415 467 1450; x_wconf 77' lang='lat' dir='ltr'>summa,</span> <span class='ocrx_word' id='word_1_138' title='bbox 484 1402 590 1439; x_wconf 90' lang='lat' dir='ltr'>nihil</span> <span class='ocrx_word' id='word_1_139' title='bbox 612 1403 689 1440; x_wconf 90' lang='lat' dir='ltr'>erit</span> <span class='ocrx_word' id='word_1_140' title='bbox 710 1403 752 1439; x_wconf 89' lang='lat' dir='ltr'>in</span> <span class='ocrx_word' id='word_1_141' title='bbox 774 1402 893 1440; x_wconf 91' lang='lat' dir='ltr'>domo</span> <span class='ocrx_word' id='word_1_142' title='bbox 912 1406 999 1440; x_wconf 84' lang='lat' dir='ltr'>tota</span> <span class='ocrx_word' id='word_1_143' title='bbox 1015 1402 1123 1451; x_wconf 84' lang='lat' dir='ltr'>quod</span> <span class='ocrx_word' id='word_1_144' title='bbox 1144 1414 1225 1439; x_wconf 88' lang='lat' dir='ltr'>non</span> <span class='ocrx_word' id='word_1_145' title='bbox 1241 1402 1317 1439; x_wconf 83' lang='lat' dir='ltr'>tibi</span> <span class='ocrx_word' id='word_1_146' title='bbox 1338 1406 1549 1451; x_wconf 84' lang='lat' dir='ltr'>tamquam</span> 
     </span>
     <span class='ocr_line' id='line_1_20' title="bbox 224 1471 1550 1522; baseline -0.001 -13"><span class='ocrx_word' id='word_1_147' title='bbox 224 1471 267 1509; x_wconf 90' lang='lat' dir='ltr'>in</span> <span class='ocrx_word' id='word_1_148' title='bbox 287 1476 359 1510; x_wconf 89' lang='lat' dir='ltr'>tua</span> <span class='ocrx_word' id='word_1_149' title='bbox 387 1472 558 1522; x_wconf 81' lang='lat' dir='ltr'>placeat.</span> <span class='ocrx_word' id='word_1_150' title='bbox 617 1472 807 1510; x_wconf 73' lang='lat' dir='ltr'>Aciliano</span> <span class='ocrx_word' id='word_1_151' title='bbox 836 1484 932 1510; x_wconf 81' lang='lat' dir='ltr'>vero</span> <span class='ocrx_word' id='word_1_152' title='bbox 964 1472 1044 1521; x_wconf 89' lang='lat' dir='ltr'>ipsi</span> <span class='ocrx_word' id='word_1_153' title='bbox 1075 1472 1299 1521; x_wconf 87' lang='lat' dir='ltr'>plurimum</span> <span class='ocrx_word' id='word_1_154' title='bbox 1320 1471 1473 1520; x_wconf 83' lang='lat' dir='ltr'>vigoris</span> <span class='ocrx_word' id='word_1_155' title='bbox 1493 1471 1550 1508; x_wconf 89' lang='lat' dir='ltr'>in-</span> 
     </span>
     <span class='ocr_line' id='line_1_21' title="bbox 225 1541 1549 1591; baseline -0.002 -12"><span class='ocrx_word' id='word_1_156' title='bbox 225 1542 419 1589; x_wconf 86' lang='lat' dir='ltr'>dustriae,</span> <span class='ocrx_word' id='word_1_157' title='bbox 438 1554 685 1591; x_wconf 80' lang='lat' dir='ltr'>quamquam</span> <span class='ocrx_word' id='word_1_158' title='bbox 708 1542 750 1579; x_wconf 93' lang='lat' dir='ltr'>in</span> <span class='ocrx_word' id='word_1_159' title='bbox 771 1542 949 1579; x_wconf 77' lang='lat' dir='ltr'>maxima</span> <span class='ocrx_word' id='word_1_160' title='bbox 965 1541 1220 1579; x_wconf 85' lang='lat' dir='ltr'>verecundia.</span> <span class='ocrx_word' id='word_1_161' title='bbox 1278 1541 1549 1586; x_wconf 82' lang='lat' dir='ltr'>Quaesturam</span> 
     </span>
    </p>
   </div>
   <div class='ocr_carea' id='block_1_6' title="bbox 224 1611 1582 1661">
    <p class='ocr_par' dir='ltr' id='par_1_6' title="bbox 224 1611 1582 1661">
     <span class='ocr_line' id='line_1_22' title="bbox 224 1611 1582 1661; baseline -0.001 -12"><span class='ocrx_word' id='word_1_162' title='bbox 224 1611 480 1649; x_wconf 88' lang='lat' dir='ltr'>tribunatum</span> <span class='ocrx_word' id='word_1_163' title='bbox 514 1616 746 1661; x_wconf 85' lang='lat' dir='ltr'>praeturam</span> <span class='ocrx_word' id='word_1_164' title='bbox 782 1612 1069 1649; x_wconf 87' lang='lat' dir='ltr'>honestissime</span> <span class='ocrx_word' id='word_1_165' title='bbox 1106 1611 1359 1661; x_wconf 86' lang='lat' dir='ltr'>percucurrit</span> <span class='ocrx_word' id='word_1_166' title='bbox 1390 1624 1435 1648; x_wconf 83' lang='grc'>30</span> <span class='ocrx_word' id='word_1_167' title='bbox 1466 1611 1548 1648; x_wconf 83' lang='grc'>13111</span> <span class='ocrx_word' id='word_1_168' title='bbox 1576 1620 1582 1630; x_wconf 89' lang='lat'>‘</span> 
     </span>
    </p>
   </div>
   <div class='ocr_carea' id='block_1_7' title="bbox 224 1680 1550 2497">
    <p class='ocr_par' dir='ltr' id='par_1_7' title="bbox 224 1680 1550 2497">
     <span class='ocr_line' id='line_1_23' title="bbox 224 1680 1547 1731; baseline -0.001 -13"><span class='ocrx_word' id='word_1_169' title='bbox 224 1693 297 1731; x_wconf 89' lang='lat' dir='ltr'>pro</span> <span class='ocrx_word' id='word_1_170' title='bbox 313 1693 355 1718; x_wconf 89' lang='lat' dir='ltr'>se</span> <span class='ocrx_word' id='word_1_171' title='bbox 375 1681 452 1719; x_wconf 87' lang='lat' dir='ltr'>tibi</span> <span class='ocrx_word' id='word_1_172' title='bbox 474 1682 761 1720; x_wconf 89' lang='lat' dir='ltr'>necessitatem</span> <span class='ocrx_word' id='word_1_173' title='bbox 784 1681 991 1719; x_wconf 82' lang='lat' dir='ltr'>ambiendi</span> <span class='ocrx_word' id='word_1_174' title='bbox 1012 1681 1182 1719; x_wconf 86' lang='lat' dir='ltr'>remisit.</span> <span class='ocrx_word' id='word_1_175' title='bbox 1241 1681 1317 1718; x_wconf 87' lang='lat' dir='ltr'>Est</span> <span class='ocrx_word' id='word_1_176' title='bbox 1337 1680 1401 1717; x_wconf 88' lang='grc'>1111</span> <span class='ocrx_word' id='word_1_177' title='bbox 1421 1680 1547 1718; x_wconf 85' lang='lat' dir='ltr'>facies</span> 
     </span>
     <span class='ocr_line' id='line_1_24' title="bbox 224 1750 1550 1800; baseline 0 -13"><span class='ocrx_word' id='word_1_178' title='bbox 224 1750 419 1798; x_wconf 86' lang='lat' dir='ltr'>liberalis,</span> <span class='ocrx_word' id='word_1_179' title='bbox 452 1751 583 1789; x_wconf 88' lang='lat' dir='ltr'>multo</span> <span class='ocrx_word' id='word_1_180' title='bbox 615 1751 825 1800; x_wconf 84' lang='lat' dir='ltr'>sanguine,</span> <span class='ocrx_word' id='word_1_181' title='bbox 860 1751 989 1789; x_wconf 88' lang='lat' dir='ltr'>multo</span> <span class='ocrx_word' id='word_1_182' title='bbox 1020 1751 1164 1788; x_wconf 86' lang='lat' dir='ltr'>rubore</span> <span class='ocrx_word' id='word_1_183' title='bbox 1200 1751 1367 1797; x_wconf 80' lang='lat' dir='ltr'>suffusa,</span> <span class='ocrx_word' id='word_1_184' title='bbox 1400 1754 1462 1788; x_wconf 89' lang='lat' dir='ltr'>est</span> <span class='ocrx_word' id='word_1_185' title='bbox 1493 1750 1550 1787; x_wconf 91' lang='lat' dir='ltr'>in-</span> 
     </span>
     <span class='ocr_line' id='line_1_25' title="bbox 225 1820 1547 1871; baseline -0.001 -14"><span class='ocrx_word' id='word_1_186' title='bbox 225 1833 357 1869; x_wconf 90' lang='lat' dir='ltr'>genua</span> <span class='ocrx_word' id='word_1_187' title='bbox 387 1821 514 1859; x_wconf 89' lang='lat' dir='ltr'>totius</span> <span class='ocrx_word' id='word_1_188' title='bbox 545 1822 725 1871; x_wconf 88' lang='lat' dir='ltr'>corporis</span> <span class='ocrx_word' id='word_1_189' title='bbox 760 1821 1023 1871; x_wconf 77' lang='lat' dir='ltr'>pulchritudo</span> <span class='ocrx_word' id='word_1_190' title='bbox 1054 1825 1095 1858; x_wconf 90' lang='lat' dir='ltr'>et</span> <span class='ocrx_word' id='word_1_191' title='bbox 1125 1821 1290 1870; x_wconf 82' lang='lat' dir='ltr'>quidam</span> <span class='ocrx_word' id='word_1_192' title='bbox 1321 1820 1547 1858; x_wconf 85' lang='lat' dir='ltr'>senatorius</span> 
     </span>
     <span class='ocr_line' id='line_1_26' title="bbox 224 1889 1548 1941; baseline -0.002 -13"><span class='ocrx_word' id='word_1_193' title='bbox 224 1891 354 1928; x_wconf 88' lang='lat' dir='ltr'>decor.</span> <span class='ocrx_word' id='word_1_194' title='bbox 413 1891 523 1936; x_wconf 87' lang='lat' dir='ltr'>Quae</span> <span class='ocrx_word' id='word_1_195' title='bbox 545 1903 618 1939; x_wconf 90' lang='lat' dir='ltr'>ego</span> <span class='ocrx_word' id='word_1_196' title='bbox 639 1904 898 1941; x_wconf 85' lang='lat' dir='ltr'>nequaquam</span> <span class='ocrx_word' id='word_1_197' title='bbox 929 1891 1104 1929; x_wconf 86' lang='lat' dir='ltr'>arbitror</span> <span class='ocrx_word' id='word_1_198' title='bbox 1124 1890 1396 1938; x_wconf 82' lang='lat' dir='ltr'>neglegenda:</span> <span class='ocrx_word' id='word_1_199' title='bbox 1429 1889 1548 1926; x_wconf 83' lang='lat' dir='ltr'>debet</span> 
     </span>
     <span class='ocr_line' id='line_1_27' title="bbox 224 1959 1550 2010; baseline -0.002 -13"><span class='ocrx_word' id='word_1_200' title='bbox 224 1960 333 1997; x_wconf 89' lang='lat' dir='ltr'>enim</span> <span class='ocrx_word' id='word_1_201' title='bbox 354 1960 430 1998; x_wconf 91' lang='lat' dir='ltr'>hoc</span> <span class='ocrx_word' id='word_1_202' title='bbox 451 1961 634 1999; x_wconf 83' lang='lat' dir='ltr'>castitati</span> <span class='ocrx_word' id='word_1_203' title='bbox 655 1961 885 2010; x_wconf 87' lang='lat' dir='ltr'>puellarum</span> <span class='ocrx_word' id='word_1_204' title='bbox 910 1961 1027 2010; x_wconf 82' lang='lat' dir='ltr'>quasi</span> <span class='ocrx_word' id='word_1_205' title='bbox 1058 1960 1283 2010; x_wconf 86' lang='lat' dir='ltr'>praemium</span> <span class='ocrx_word' id='word_1_206' title='bbox 1314 1959 1413 1997; x_wconf 88' lang='lat' dir='ltr'>dari.</span> <span class='ocrx_word' id='word_1_207' title='bbox 1471 1959 1550 1995; x_wconf 80' lang='lat' dir='ltr'>Ne-</span> 
     </span>
     <span class='ocr_line' id='line_1_28' title="bbox 225 2029 1547 2080; baseline -0.002 -13"><span class='ocrx_word' id='word_1_208' title='bbox 225 2030 309 2067; x_wconf 90' lang='lat' dir='ltr'>scio</span> <span class='ocrx_word' id='word_1_209' title='bbox 329 2042 381 2068; x_wconf 90' lang='lat' dir='ltr'>an</span> <span class='ocrx_word' id='word_1_210' title='bbox 401 2030 575 2068; x_wconf 86' lang='lat' dir='ltr'>adiciam</span> <span class='ocrx_word' id='word_1_211' title='bbox 599 2043 686 2068; x_wconf 87' lang='lat' dir='ltr'>esse</span> <span class='ocrx_word' id='word_1_212' title='bbox 712 2031 819 2080; x_wconf 88' lang='lat' dir='ltr'>patri</span> <span class='ocrx_word' id='word_1_213' title='bbox 847 2031 932 2068; x_wconf 89' lang='lat' dir='ltr'>eius</span> <span class='ocrx_word' id='word_1_214' title='bbox 963 2030 1120 2080; x_wconf 84' lang='lat' dir='ltr'>amplas</span> <span class='ocrx_word' id='word_1_215' title='bbox 1150 2029 1381 2067; x_wconf 83' lang='lat' dir='ltr'>facultates.</span> <span class='ocrx_word' id='word_1_216' title='bbox 1440 2029 1547 2065; x_wconf 76' lang='lat' dir='ltr'>Nam</span> 
     </span>
     <span class='ocr_line' id='line_1_29' title="bbox 224 2098 1546 2150; baseline -0.002 -13"><span class='ocrx_word' id='word_1_217' title='bbox 224 2111 315 2137; x_wconf 85' lang='lat' dir='ltr'>cum</span> <span class='ocrx_word' id='word_1_218' title='bbox 342 2100 545 2148; x_wconf 85' lang='lat' dir='ltr'>imaginor</span> <span class='ocrx_word' id='word_1_219' title='bbox 565 2113 636 2138; x_wconf 80' lang='lat' dir='ltr'>vos</span> <span class='ocrx_word' id='word_1_220' title='bbox 667 2101 815 2150; x_wconf 86' lang='lat' dir='ltr'>quibus</span> <span class='ocrx_word' id='word_1_221' title='bbox 847 2100 1082 2149; x_wconf 84' lang='lat' dir='ltr'>quaerimus</span> <span class='ocrx_word' id='word_1_222' title='bbox 1116 2111 1320 2148; x_wconf 77' lang='lat' dir='ltr'>generum,</span> <span class='ocrx_word' id='word_1_223' title='bbox 1344 2098 1546 2136; x_wconf 79' lang='lat' dir='ltr'>silendum</span> 
     </span>
     <span class='ocr_line' id='line_1_30' title="bbox 225 2168 1546 2219; baseline -0.003 -12"><span class='ocrx_word' id='word_1_224' title='bbox 225 2168 275 2206; x_wconf 85' lang='lat' dir='ltr'>de</span> <span class='ocrx_word' id='word_1_225' title='bbox 305 2169 575 2207; x_wconf 86' lang='lat' dir='ltr'>facultatibus</span> <span class='ocrx_word' id='word_1_226' title='bbox 606 2175 727 2219; x_wconf 88' lang='lat' dir='ltr'>puto:</span> <span class='ocrx_word' id='word_1_227' title='bbox 760 2182 849 2207; x_wconf 88' lang='lat' dir='ltr'>cum</span> <span class='ocrx_word' id='word_1_228' title='bbox 891 2170 1075 2219; x_wconf 87' lang='lat' dir='ltr'>publicos</span> <span class='ocrx_word' id='word_1_229' title='bbox 1105 2181 1236 2206; x_wconf 87' lang='lat' dir='ltr'>mores</span> <span class='ocrx_word' id='word_1_230' title='bbox 1268 2172 1390 2217; x_wconf 78' lang='lat' dir='ltr'>atque</span> <span class='ocrx_word' id='word_1_231' title='bbox 1422 2168 1546 2204; x_wconf 88' lang='lat' dir='ltr'>etiam</span> 
     </span>
     <span class='ocr_line' id='line_1_31' title="bbox 225 2237 1549 2289; baseline -0.003 -13"><span class='ocrx_word' id='word_1_232' title='bbox 225 2238 335 2287; x_wconf 87' lang='lat' dir='ltr'>leges</span> <span class='ocrx_word' id='word_1_233' title='bbox 367 2239 551 2277; x_wconf 86' lang='lat' dir='ltr'>civitatis</span> <span class='ocrx_word' id='word_1_234' title='bbox 582 2240 756 2283; x_wconf 76' lang='lat' dir='ltr'>intueor,</span> <span class='ocrx_word' id='word_1_235' title='bbox 779 2252 881 2289; x_wconf 87' lang='lat' dir='ltr'>quae</span> <span class='ocrx_word' id='word_1_236' title='bbox 904 2239 968 2277; x_wconf 84' lang='lat' dir='ltr'>vel</span> <span class='ocrx_word' id='word_1_237' title='bbox 1001 2239 1043 2276; x_wconf 92' lang='lat' dir='ltr'>in</span> <span class='ocrx_word' id='word_1_238' title='bbox 1074 2239 1218 2288; x_wconf 87' lang='lat' dir='ltr'>primis</span> <span class='ocrx_word' id='word_1_239' title='bbox 1249 2250 1394 2275; x_wconf 87' lang='lat' dir='ltr'>census</span> <span class='ocrx_word' id='word_1_240' title='bbox 1424 2237 1549 2274; x_wconf 86' lang='lat' dir='ltr'>homi-</span> 
     </span>
     <span class='ocr_line' id='line_1_32' title="bbox 225 2306 1547 2358; baseline -0.002 -13"><span class='ocrx_word' id='word_1_241' title='bbox 225 2320 323 2345; x_wconf 90' lang='lat' dir='ltr'>num</span> <span class='ocrx_word' id='word_1_242' title='bbox 343 2310 586 2358; x_wconf 87' lang='lat' dir='ltr'>spectandos</span> <span class='ocrx_word' id='word_1_243' title='bbox 608 2309 872 2353; x_wconf 76' lang='lat' dir='ltr'>arbitrantur,</span> <span class='ocrx_word' id='word_1_244' title='bbox 892 2322 940 2345; x_wconf 89' lang='lat' dir='ltr'>ne</span> <span class='ocrx_word' id='word_1_245' title='bbox 963 2309 1003 2346; x_wconf 91' lang='lat' dir='ltr'>id</span> <span class='ocrx_word' id='word_1_246' title='bbox 1025 2309 1188 2357; x_wconf 77' lang='lat' dir='ltr'>quidem</span> <span class='ocrx_word' id='word_1_247' title='bbox 1207 2306 1547 2356; x_wconf 82' lang='lat' dir='ltr'>praetereundum</span> 
     </span>
     <span class='ocr_line' id='line_1_33' title="bbox 225 2375 1547 2428; baseline -0.002 -14"><span class='ocrx_word' id='word_1_248' title='bbox 225 2377 399 2415; x_wconf 82' lang='lat' dir='ltr'>videtur.</span> <span class='ocrx_word' id='word_1_249' title='bbox 458 2380 513 2416; x_wconf 86' lang='lat' dir='ltr'>Et</span> <span class='ocrx_word' id='word_1_250' title='bbox 533 2392 628 2417; x_wconf 83' lang='lat' dir='ltr'>sane</span> <span class='ocrx_word' id='word_1_251' title='bbox 650 2379 699 2416; x_wconf 82' lang='lat' dir='ltr'>de</span> <span class='ocrx_word' id='word_1_252' title='bbox 722 2379 895 2428; x_wconf 79' lang='lat' dir='ltr'>posteris</span> <span class='ocrx_word' id='word_1_253' title='bbox 913 2383 953 2415; x_wconf 82' lang='lat' dir='ltr'>et</span> <span class='ocrx_word' id='word_1_254' title='bbox 975 2378 1037 2415; x_wconf 74' lang='lat' dir='ltr'>liis</span> <span class='ocrx_word' id='word_1_255' title='bbox 1060 2378 1246 2427; x_wconf 75' lang='lat' dir='ltr'>pluribus</span> <span class='ocrx_word' id='word_1_256' title='bbox 1263 2375 1460 2423; x_wconf 75' lang='lat' dir='ltr'>cogitanti</span> <span class='ocrx_word' id='word_1_257' title='bbox 1482 2375 1547 2411; x_wconf 76' lang='grc'>1110</span> 
     </span>
     <span class='ocr_line' id='line_1_34' title="bbox 225 2445 1545 2497; baseline -0.002 -13"><span class='ocrx_word' id='word_1_258' title='bbox 225 2459 386 2497; x_wconf 84' lang='lat' dir='ltr'>quoque</span> <span class='ocrx_word' id='word_1_259' title='bbox 407 2448 450 2485; x_wconf 89' lang='lat' dir='ltr'>in</span> <span class='ocrx_word' id='word_1_260' title='bbox 466 2448 773 2485; x_wconf 82' lang='lat' dir='ltr'>condicionibus</span> <span class='ocrx_word' id='word_1_261' title='bbox 796 2448 1025 2496; x_wconf 72' lang='lat' dir='ltr'>deligendis</span> <span class='ocrx_word' id='word_1_262' title='bbox 1045 2447 1255 2497; x_wconf 86' lang='lat' dir='ltr'>ponendus</span> <span class='ocrx_word' id='word_1_263' title='bbox 1273 2450 1335 2484; x_wconf 83' lang='lat' dir='ltr'>est</span> <span class='ocrx_word' id='word_1_264' title='bbox 1354 2445 1545 2483; x_wconf 83' lang='lat' dir='ltr'>calculus.</span> 
     </span>
    </p>
   </div>
   <div class='ocr_carea' id='block_1_8' title="bbox 1578 921 1613 950">
    <p class='ocr_par' dir='ltr' id='par_1_8' title="bbox 1578 921 1613 950">
     <span class='ocr_line' id='line_1_35' title="bbox 1578 921 1613 950; baseline 0.029 -1"><span class='ocrx_word' id='word_1_265' title='bbox 1578 921 1613 950; x_wconf 91' lang='lat'>10</span> 
     </span>
    </p>
   </div>
   <div class='ocr_carea' id='block_1_9' title="bbox 1576 2320 1613 2345">
    <p class='ocr_par' dir='ltr' id='par_1_9' title="bbox 1576 2320 1613 2345">
     <span class='ocr_line' id='line_1_36' title="bbox 1576 2320 1613 2345; baseline 0.027 -1"><span class='ocrx_word' id='word_1_266' title='bbox 1576 2320 1613 2345; x_wconf 70' lang='lat'>:50</span> 
     </span>
    </p>
   </div>
  </div>
 </body>
</html>
