1859 2828
177 981 214 1010 10

179 1335 214 1363 15

181 2390 218 2414 :20

237 218 291 263 74
805 224 846 257 0.
873 224 1003 256 PLINI

237 343 381 391 gebat!
413 354 535 391 quam
558 340 754 387 studiose,
781 351 904 389 quain
932 337 1226 386 intellegenter
1256 335 1496 374 lectitabat!
1529 337 1574 372 ut

236 424 358 463 parce
387 411 674 459 custoditeque
705 409 895 447 ludebat!
953 408 1042 453 Qua
1071 407 1145 445 illa
1173 405 1462 456 temperantia,
1493 417 1574 454 qua

237 481 453 532 patientia,
476 493 557 530 qua
581 480 707 517 etiam
736 478 972 517 constantia
1001 477 1271 515 novissimam
1291 475 1574 513 valetudinem

238 552 360 590 tulit!
419 550 596 588 Medicis
626 549 941 599 obsequebatur,
974 559 1165 595 sororem,
1196 549 1357 596 patrem
1387 545 1576 583 adhorta-

238 623 372 669 batur,
407 622 623 671 ipsamque
655 632 697 658 se
733 619 979 657 destitutam
1017 617 1198 667 corporis
1237 615 1396 653 viribus
1419 614 1575 663 ,vigore

240 692 368 731 animi
399 691 643 730 sustinebat.
702 689 882 727 Duravit
911 688 978 726 1110
1008 687 1073 725 1111
1102 699 1232 737 usque
1262 686 1315 724 ad
1344 688 1573 723 extremuni

240 775 314 800 nec
335 766 407 800 aut
428 761 563 811 spatio
585 759 839 798 valetudinis
857 762 929 797 aut
949 762 1062 796 metu
1091 757 1234 795 mortis
1265 756 1469 793 infractus
1500 758 1575 801 est,

241 846 322 883 quo
343 833 482 882 plures
514 831 805 880 gravioresque
836 829 953 867 nobis
983 840 1128 866 causas
1158 826 1413 876 relinqueret
1443 828 1484 863 et
1513 825 1577 862 de—

242 903 385 942 siderii
407 906 448 940 et
478 901 642 939 doloris.
703 900 736 939 O
767 899 887 938 triste
917 899 1040 949 plane
1070 898 1343 946 acerbumque
1373 896 1522 933 funus!
1554 907 1576 932 0

241 977 373 1011 morte
394 973 486 1023 ipsa
505 971 649 1009 mortis
679 974 843 1020 tempus
874 969 1109 1017 indignius!
1140 968 1222 1005 iam
1252 966 1462 1004 destinata
1490 968 1578 1002 erat

242 1044 406 1093 egregio
432 1042 585 1090 iuveni,
608 1042 690 1080 iam
719 1041 874 1079 electus
904 1039 1144 1090 nuptiarum
1175 1037 1275 1085 dies,
1299 1037 1380 1074 iam
1409 1048 1482 1074 nos
1513 1048 1578 1072 vo-

242 1114 335 1152 cati.
405 1113 523 1158 Quod
552 1111 749 1161 gaudium
778 1123 858 1160 quo
888 1121 1070 1147 maerore
1100 1111 1306 1145 mutatum
1336 1107 1419 1144 est!
1480 1105 1577 1142 Non

243 1197 410 1235 possum
431 1182 663 1233 exprimere
683 1181 821 1219 verbis
844 1183 1046 1230 quantum
1069 1178 1206 1216 animo
1236 1176 1387 1214 vulnus
1418 1187 1579 1225 accepe-

243 1255 333 1302 rim,
369 1267 462 1291 cum
500 1252 641 1291 audivi
676 1251 925 1289 Fundanum
961 1250 1108 1299 ipsum,
1144 1252 1190 1285 ut
1224 1246 1356 1284 multa
1389 1245 1579 1283 luctuosa

244 1325 360 1363 dolor
394 1323 566 1372 invenit,
598 1322 932 1373 praecipientem,
964 1319 1074 1370 quod
1108 1319 1152 1356 in
1182 1321 1319 1356 vestes
1354 1315 1580 1365 margarita

244 1408 426 1444 gemmas
461 1395 600 1431 fuerat
638 1396 891 1441 erogaturus,
927 1391 1003 1428 1100
1042 1390 1085 1426 111
1120 1393 1186 1427 tus
1218 1392 1260 1425 et
1293 1391 1505 1435 unguenta
1538 1390 1579 1424 et

244 1467 389 1504 odores
423 1464 728 1514 inpenderetur.
788 1462 865 1499 Est
899 1461 1066 1510 quidem
1104 1459 1176 1496 1110
1216 1457 1403 1496 eruditus
1442 1460 1483 1494 et
1521 1469 1579 1494 sa-

244 1537 374 1586 piens,
397 1540 442 1572 ut
464 1535 535 1584 qui
557 1547 597 1571 se
620 1534 670 1571 ab
692 1533 860 1570 ineunte
891 1535 1025 1569 aetate
1057 1529 1272 1568 altioribus
1303 1527 1454 1566 studiis
1485 1527 1580 1564 arti-

244 1608 402 1656 busque
424 1604 640 1651 dediderit,
659 1604 731 1641 sed
752 1615 860 1640 nunc
882 1601 1020 1639 onmia
1041 1613 1145 1650 quae
1167 1599 1300 1637 audiit
1322 1610 1455 1648 saepe,
1474 1610 1577 1646 quae

245 1677 352 1715 dixit
373 1679 616 1725 aspernatur
638 1673 905 1723 expulsisque
935 1671 1161 1709 virtutibus
1192 1669 1285 1707 aliis
1316 1668 1485 1719 pietatis
1516 1670 1580 1705 est

245 1752 368 1785 totus.
429 1747 635 1794 Ignosces,
658 1743 847 1781 laudabis
873 1742 1011 1789 etiam,
1034 1741 1067 1779 si
1093 1739 1339 1789 cogitaveris
1362 1739 1463 1788 quid
1483 1738 1579 1776 ami-

247 1818 357 1855 serit.
420 1816 573 1853 Amisit
612 1814 721 1852 enim
753 1813 883 1851 filiam
914 1824 1018 1862 quae
1048 1824 1130 1848 11011
1159 1810 1296 1848 minus
1327 1821 1459 1847 mores
1490 1808 1578 1846 eius

246 1901 368 1937 quain
409 1901 452 1924 os
494 1886 735 1934 vultumque
774 1883 981 1921 referebat
1023 1886 1237 1930 totumque
1276 1884 1436 1930 patrem
1475 1879 1580 1916 inira

247 1957 523 1995 similitudine
563 1955 849 2004 exscripserat.
909 1952 1089 1990 Proinde
1126 1952 1159 1989 si
1192 1963 1294 2001 quas
1325 1950 1375 1988 ad
1407 1962 1498 1987 euin
1530 1949 1578 1986 de

247 2028 385 2065 dolore
407 2032 490 2064 tuln
513 2027 622 2063 iusto
650 2025 811 2062 litteras
842 2023 997 2071 mittes,
1019 2025 1224 2059 memento
1254 2020 1449 2058 adhibere
1481 2018 1581 2057 sola-

246 2098 365 2145 cium,
388 2110 468 2134 non
497 2095 615 2146 quasi
646 2093 956 2141 vastigatoriuni
987 2096 1028 2129 et
1057 2091 1180 2129 niinis
1211 2091 1330 2137 forto,
1355 2090 1424 2127 sed
1456 2088 1579 2125 molle

247 2173 288 2205 et
308 2168 545 2205 humanum.
605 2165 721 2210 Quod
749 2168 793 2202 ut
823 2163 988 2201 facilius
1019 2162 1214 2200 admittat
1245 2160 1421 2197 inultum
1452 2159 1579 2196 saciet

247 2238 370 2275 medii
394 2236 592 2286 temporis
615 2235 806 2285 spatium.
873 2235 928 2271 Ut
950 2233 1058 2269 enini
1079 2232 1251 2269 crudum
1273 2230 1407 2268 adhuc
1429 2228 1579 2266 vulnus

248 2308 498 2345 nwdwntilnn
524 2319 668 2343 manus
696 2304 951 2350 reformidat,
975 2302 1122 2340 deinde
1145 2301 1302 2351 patitur
1326 2304 1449 2349 atque
1470 2298 1580 2336 ultro

249 2378 433 2428 requirit,
466 2377 522 2414 sic
566 2388 707 2413 recens
739 2374 865 2412 aniini
899 2373 1014 2410 dolor
1044 2371 1346 2409 consolationes
1386 2369 1503 2407 reicit
1534 2381 1579 2406 ac

249 2448 414 2495 refugit,
439 2460 531 2484 111οχ
563 2446 773 2483 desiderat
803 2451 843 2481 et
873 2443 1097 2481 clementer
1127 2441 1304 2479 admotis
1335 2438 1577 2488 adquiescit.

250 2518 360 2557 Vale.

1609 1957 1645 1985 10

1609 2238 1643 2266 11
