1859 2828
138 982 174 1010 10

142 1686 180 1715 20

145 2034 183 2063 25

198 214 253 256 84
761 219 800 251 0.
833 218 963 250 PLINI

198 337 466 375 Libui-nicam
499 336 656 385 aptari:
699 335 822 386 mihi,
855 334 889 372 si
930 334 1070 371 venire
1110 348 1192 372 una
1230 333 1391 381 vellem,
1430 332 1535 371 facit

197 408 380 458 copiam:
413 406 609 456 respondi
639 406 806 444 studere
836 417 901 442 me
931 404 1067 453 malle,
1099 408 1140 443 et
1169 405 1277 442 forte
1307 404 1395 454 ipse
1425 403 1535 453 quod

199 478 420 517 scriberem
445 477 627 515 dederat.
685 475 988 525 Egrediebatur
1019 476 1160 513 domo:
1193 475 1346 525 accipit
1375 474 1536 512 codicil-
1563 477 1581 505 8

199 549 260 588 103
298 548 501 586 Rectinae
540 547 661 585 Tasci
699 545 923 583 inminenti
953 545 1137 596 periculo
1167 545 1392 583 exterritae
1424 544 1538 595 (nain

199 619 302 657 villa
321 618 410 656 eius
433 617 684 665 subiacebat,
707 629 781 654 nec
811 615 899 654 ulla
926 615 1009 654 nisi
1038 616 1214 654 navibus
1245 616 1386 667 fuga)‚:
1417 618 1464 652 ut
1495 626 1537 652 30

198 692 316 727 tanto
338 687 569 726 discrimini
591 687 770 737 eriperet
789 686 943 724 orabat.
1002 685 1141 725 Vertit
1163 685 1236 723 ille
1256 685 1538 745 consilium3et
1564 688 1583 716 9

200 759 311 810 quod
331 758 517 797 studioso
538 757 675 795 animo
695 756 964 794 incohaverat
984 756 1081 806 Nobit
1110 756 1300 794 maximo.
1358 747 1539 794 Deducit

200 829 495 880 quadriremes,
517 827 705 866 ascendit
725 827 826 877 ipse,
841 839 924 865 non
944 826 1145 865 Rectinae
1162 826 1282 864 modo
1303 826 1375 865 sed
1395 825 1539 864 multis

203 900 310 950 (erat
344 899 455 936 enim
493 898 691 947 frequens
731 897 959 935 amoenitas
988 899 1100 948 orae)
1132 896 1293 935 laturus
1323 896 1536 934 auxilium.

202 971 405 1019 Properat
426 968 526 1006 illuc
545 968 657 1005 unde
677 967 750 1005 alii
772 967 954 1016 fugiunt,
973 971 1213 1017 rectumque
1233 979 1410 1015 cursum,
1428 970 1541 1004 recta
1568 971 1605 999 10

202 1039 480 1089 gubernacula
517 1039 561 1076 in
599 1037 830 1089 periculum
858 1041 986 1086 tenet,
1017 1037 1120 1076 adeo
1159 1037 1319 1076 solutus
1353 1040 1465 1075 metu
1493 1041 1540 1075 ut

202 1111 336 1149 omnis
375 1109 490 1147 illius
520 1108 620 1147 mali
650 1112 798 1157 motus,
829 1108 963 1147 onmis
992 1107 1159 1158 figuras,
1189 1111 1236 1146 ut
1266 1108 1541 1158 deprenderat

203 1180 345 1228 0011113,
377 1180 553 1218 dictaret
587 1182 867 1229 enotaretque.
927 1179 1018 1217 Iam
1047 1178 1224 1217 navibus
1254 1178 1360 1216 cinis
1390 1178 1542 1215 incide·
1571 1181 1604 1209 11

204 1252 285 1298 bat,
325 1263 406 1300 quo
444 1249 614 1300 propius
656 1249 909 1297 accederent,
949 1249 1123 1287 calidior
1162 1252 1203 1287 et
1242 1248 1419 1297 densior,
1460 1249 1542 1286 iam

204 1321 389 1372 pumices
410 1320 537 1359 etiam
556 1320 749 1370 nigrique
770 1323 812 1358 et
832 1320 1015 1358 ambusti
1035 1323 1077 1358 et
1097 1319 1222 1358 fracti
1244 1319 1338 1368 igne
1367 1319 1541 1370 lapides,

206 1392 287 1430 iam
316 1392 468 1429 vadum
501 1390 685 1429 subitum
724 1390 927 1440 ruinaque
965 1390 1118 1429 montis
1158 1390 1282 1428 litora
1320 1389 1540 1429 obstantia.

205 1463 434 1502 Cunctatus
455 1460 625 1511 paulum
647 1473 699 1499 an
720 1464 829 1499 retro
858 1460 1056 1509 flecteret,
1078 1473 1172 1498 mox
1201 1461 1467 1509 gubernatori
1496 1464 1544 1499 ut

206 1533 266 1571 ita
285 1533 441 1570 faceret
461 1531 648 1569 monenti
671 1535 680 1553 ‘
693 1531 847 1570 fortes’
869 1531 1007 1581 inquit
1038 1531 1231 1569 ‘fortuna
1259 1531 1397 1569 iuvat:
1428 1531 1545 1570 Pom-

206 1603 431 1653 ponianum
471 1602 591 1652 pete.’
650 1601 806 1640 Stabiis
845 1605 946 1649 erat,
979 1601 1211 1652 diremptus
1251 1603 1345 1641 sinu
1384 1602 1542 1649 medio,
1572 1609 1609 1638 12

207 1685 303 1711 nam
325 1672 478 1711 sensim
500 1671 759 1710 circumactis
779 1672 1044 1721 curvatisque
1060 1671 1254 1711 litoribus
1275 1684 1387 1710 mare
1408 1672 1546 1709 infun-

207 1743 332 1780 ditur.
393 1742 471 1789 Ibi,
493 1739 743 1791 quamquam
765 1742 949 1780 nondum
970 1742 1154 1792 periculo
1171 1742 1543 1792 adpropinquante,

209 1812 430 1863 conspicuo
451 1815 602 1859 tamen,
624 1815 665 1850 et
685 1824 777 1850 cum
798 1815 1010 1860 cresceret,
1032 1812 1232 1862 proximo,
1255 1812 1436 1851 sarcinas
1457 1825 1547 1850 con-

209 1883 363 1922 tulerat
384 1882 426 1919 in
453 1894 592 1929 naves,
614 1885 751 1921 certus
782 1883 918 1931 fugae,
942 1882 976 1921 si
1006 1882 1236 1921 contrarius
1266 1886 1415 1922 ventus
1445 1895 1548 1921 rese—

210 1953 363 2001 disset,
395 1964 476 2002 quo
497 1956 595 1989 tunc
624 1953 854 1990 avunculus
884 1965 999 1991 meus
1030 1952 1328 1991 secundissimo
1357 1954 1548 1991 invectus

211 2023 486 2072 conplectitur
502 2021 793 2072 trepidantem,
809 2022 1056 2065 consolatur,
1072 2024 1273 2072 hortatur,
1289 2026 1418 2073 utque
1434 2023 1550 2061 timo-

212 2106 297 2130 rem
319 2093 405 2131 eius
428 2105 502 2130 3113
523 2094 745 2130 securitate
767 2092 928 2138 leniret,
945 2092 1099 2129 deferri
1120 2093 1162 2130 in
1184 2093 1393 2131 balineum
1415 2093 1546 2131 iubet:

213 2163 322 2201 lotus
344 2163 526 2209 accubat,
549 2166 668 2200 cenat
689 2166 760 2199 aut
780 2161 926 2199 hilaris
957 2166 1040 2211 aut,
1063 2163 1173 2212 quod
1193 2175 1321 2213 aeque
1342 2176 1549 2212 magnum,

214 2233 362 2270 similis
385 2232 521 2270 hilari.
580 2232 757 2269 Interim
779 2244 798 2269 e
820 2232 1001 2270 Vesuvio
1022 2236 1161 2270 monte
1178 2232 1366 2282 pluribus
1388 2234 1430 2270 in
1452 2233 1552 2271 10013
1580 2234 1617 2263 13

215 2303 442 2341 latissimae
472 2302 662 2340 flammae
692 2302 858 2351 altaque
889 2302 1081 2340 incendia
1105 2303 1356 2351 relucebant,
1379 2316 1552 2353 quorum

152 2386 190 2413 30
216 2373 354 2420 fulgor
375 2376 416 2409 et
436 2372 604 2410 claritas
626 2372 808 2409 tenebris
830 2372 963 2409 noetis
985 2372 1253 2410 excitabatur.
1313 2373 1393 2410 Ille
1423 2379 1565 2421 agres-'

216 2443 320 2480 tium
361 2442 639 2492 trepidatione
680 2443 795 2491 ignes
836 2442 998 2479 relictos
1034 2443 1300 2492 desertasque
1333 2443 1453 2481 villas
1483 2457 1555 2493 per

219 2513 483 2552 solitudinem
526 2513 668 2550 ardere
708 2513 749 2549 in
792 2513 1016 2550 remedium
1053 2513 1290 2552 formidinis
1321 2513 1553 2552 dictitabat.
