1875 2812
219 336 237 355 s>

220 354 237 364 ..ι

225 686 243 713 02

251 1937 268 1964 [ὁ

677 202 1023 239 EPISTULARUM
1056 201 1099 231 x.
1126 199 1179 230 66.
1508 182 1591 223 1:23

266 329 456 380 θρεπτούς.
512 325 564 362 In
585 336 666 373 qua
686 334 758 369 ego
779 318 933 358 auditis
954 311 1318 354 constitutionibus
1345 306 1591 358 principum,

267 398 365 449 quia
383 395 489 434 nihil
515 392 772 432 inveniebam
800 392 870 427 aut
893 386 1105 437 proprium
1130 386 1201 420 aut
1229 377 1461 418 universale
1485 374 1594 425 quod

268 468 320 507 ad
354 466 560 516 Bithynos
595 463 785 504 ferretur,
821 455 1116 496 consulendum
1151 456 1191 489 te
1225 446 1461 488 existimavi
1495 444 1595 494 quid

269 535 476 576 observari
510 532 650 570 velles.
708 530 855 578 Neque
889 525 999 564 enim
1034 521 1178 573 putavi
1212 530 1333 569 posse
1367 528 1431 554 me
1468 515 1512 552 in
1550 525 1596 551 eo

270 607 379 657 quod
412 603 700 643 auctoritatem
730 603 844 637 tuam
874 597 1060 646 posceret
1094 589 1282 639 exemplo
1314 598 1402 625 esse
1436 587 1598 623 conten-

270 682 369 715 tum.
414 672 698 722 ¹Recitabatur
733 672 870 706 autem
905 664 1015 715 apud
1044 674 1107 699 me
1138 660 1318 698 edictum
1352 655 1462 705 quod
1496 653 1600 691 dice-

271 748 392 785 batur
425 743 512 782 divi
546 739 739 789 Augusti,
770 737 822 776 ad
855 734 1036 773 Anniam
1066 730 1298 781 pertinens:
1334 725 1529 763 recitatae
1560 726 1600 759 et

273 815 475 866 epistulae
500 811 586 850 divi
612 806 859 859 Vespasiani
882 805 933 843 ad
960 798 1305 845 Lacedaemonios
1331 800 1372 833 et
1401 793 1488 832 divi
1515 791 1600 830 Titi

274 887 326 925 ad
352 884 517 923 eosdem
546 885 587 919 et
616 880 668 918 ad
689 878 889 923 Achaeos,
911 878 952 912 et
980 869 1209 910 Domitiani
1239 867 1292 906 ad
1310 864 1508 903 Avidium
1531 861 1603 899 Ni-

276 955 439 1005 grinum
474 956 514 990 et
552 948 794 988 Armenium
834 943 1064 982 Brocchum
1102 936 1379 990 proconsules⁷
1413 934 1513 971 item
1552 931 1603 969 ad

276 1021 643 1063 Lacedaemonios:
676 1029 780 1067 quae
804 1015 896 1052 ideo
920 1012 997 1050 tibi
1022 1023 1104 1048 non
1133 1007 1240 1053 misi,
1264 1005 1361 1055 quia
1390 1008 1430 1041 et
1459 1013 1604 1052 parum

278 1094 496 1134 emendata
516 1095 556 1128 et
577 1088 777 1139 quaedam
798 1097 880 1122 non
900 1086 1034 1120 certae
1052 1079 1151 1117 fidei
1172 1076 1418 1114 videbantur
1446 1076 1486 1110 et
1510 1070 1607 1120 quia

281 1176 377 1203 vera
396 1166 436 1201 et
457 1159 674 1200 emendata
692 1157 736 1194 in
758 1153 919 1194 scriniis
940 1151 1024 1189 tuis
1046 1160 1133 1187 esse
1155 1145 1379 1185 credebam.

780 1314 878 1354 105.
919 1309 1106 1362 (LXVI.)

693 1424 940 1460 TRAIANUS
972 1419 1133 1454 PLINIO
1166 1419 1200 1451 S.

788 1530 952 1569 Trajsm's
969 1535 1113 1559 answer.

342 1641 537 1690 Quaestio
560 1639 642 1678 ista
668 1647 771 1686 quae
798 1632 979 1684 pertinet
1009 1629 1061 1667 ad
1089 1640 1157 1665 eos
1187 1625 1258 1675 qui
1287 1621 1408 1661 liberi
1436 1619 1525 1659 nati
1554 1631 1618 1656 ex-

291 1714 429 1766 positi,
451 1710 598 1750 deinde
620 1705 772 1745 sublati
793 1716 816 1742 a
837 1699 1083 1752 quibusdam
1104 1700 1144 1734 et
1165 1696 1208 1732 111
1233 1693 1431 1733 servitute
1456 1687 1618 1727 educati

295 1788 390 1823 sunt
417 1793 537 1831 saepe
566 1780 743 1816 tractata
768 1777 841 1820 est,
863 1783 937 1808 nec
967 1768 1186 1819 quicquam
1207 1762 1416 1801 invenitur
1445 1760 1488 1796 in
1518 1770 1620 1795 com-

295 1851 508 1892 mentariis
529 1860 668 1887 eorum
689 1843 922 1895 principum
944 1839 1014 1888 qui
1035 1840 1128 1875 ante
1149 1847 1211 1872 me
1236 1834 1418 1875 fuerunt,
1440 1828 1549 1878 quod
1569 1826 1621 1864 ad

297 1935 437 1962 omnes
462 1917 697 1970 provincias
728 1914 783 1952 sit
812 1909 1095 1949 constitutum.
1153 1901 1369 1953 Epistulae
1400 1911 1495 1937 sane
1527 1900 1622 1934 sunt

298 1989 527 2032 Domitiani
545 1988 596 2026 ad
613 1984 811 2024 Avidium
827 1979 1049 2028 Nigrinum
1066 1979 1107 2013 et
1124 1972 1365 2012 Armenium
1384 1967 1623 2013 Brocchum,

300 2074 404 2113 quae
435 2061 611 2098 fortasse
646 2055 821 2093 debeant
855 2046 1083 2087 observari:
1117 2043 1188 2082 sed
1221 2042 1331 2079 intra
1364 2051 1431 2076 eas
1463 2036 1625 2086 provin·
1652 2046 1658 2054 ·

302 2133 385 2171 cias
407 2131 455 2168 de
477 2128 625 2178 quibus
647 2121 869 2172 rescripsit,
890 2119 998 2156 inter
1019 2127 1120 2165 quas
1142 2125 1222 2150 non
1243 2114 1306 2148 est
1330 2106 1553 2157 Bitl1ynia;
1586 2109 1626 2141 et

304 2203 394 2240 ideo
427 2212 501 2237 nec
535 2195 810 2235 adsertionem
845 2185 1126 2235 denegandam
1160 2182 1211 2219 iis
1246 2179 1317 2229 qui
1346 2191 1395 2215 ex
1426 2173 1627 2213 eiusmodi

306 2283 428 2310 causa
470 2269 515 2306 in
558 2266 792 2303 libertatem
830 2256 1150 2296 vindicabuntur
1188 2253 1288 2300 puto
1326 2258 1457 2296 neque
1496 2245 1628 2294 ipsam

307 2341 541 2379 libertatem
562 2331 843 2373 redimendam
863 2325 995 2378 pretio
1016 2322 1315 2361 alimentorum.

1633 937 1669 965 10

1647 1696 1683 1724 15
