1875 2812
236 664 254 691 U!

673 184 1019 218 EPISTULARUM
1052 183 1134 214 vn.
1164 182 1215 214 14.
1554 172 1607 213 93

280 303 510 342 reverentia
530 302 670 351 diligo,
691 300 871 352 primum
900 303 947 337 nt
977 309 1155 337 sororem
1181 295 1334 335 Corelli
1363 293 1471 342 Rufi,
1494 293 1608 332 ouius

279 374 382 412 mihi
419 372 617 411 memoria
655 373 915 425 sacrosancta
952 372 1027 416 est,
1063 367 1212 405 deinde
1250 369 1297 403 ut
1336 365 1458 402 matri
1497 376 1609 402 meae

281 443 663 482 familiarissimam.
722 441 827 480 Sunt
855 439 958 477 mihi
988 443 1029 476 et
1058 451 1151 476 cum
1182 436 1330 474 marito
1360 435 1459 482 eius,
1491 434 1612 471 Mini-

280 514 343 552 010
372 514 502 561 Iusto,
524 513 680 563 optimo
709 511 810 558 viro,
832 513 973 548 vetera
993 509 1104 556 iura3
1135 508 1307 545 fuerunt
1336 509 1377 543 et
1405 517 1497 542 011111
1526 503 1611 541 filio

281 584 472 631 maxima,
500 583 601 621 adeo
628 581 792 631 quidem
819 584 866 617 ut
894 582 1081 629 praetore
1108 589 1172 615 me
1198 576 1309 614 ludis
1336 575 1436 612 meis
1457 586 1615 624 praese-

282 654 400 692 derit.
459 654 587 700 Haeo,
602 664 695 690 eum
716 650 902 701 proxime
918 649 1013 686 istie
1034 648 1109 693 fui,
1124 645 1326 684 indicavit
1346 644 1449 681 1111111
1466 655 1613 692 cupere

283 737 325 763 se
347 723 507 773 aliquid
530 723 639 761 eirea
666 720 836 759 Larium
863 722 1049 757 nostrum
1078 716 1300 767 possidere.
1359 715 1446 762 Ego
1473 713 1536 750 illi
1563 725 1613 750 ex

284 794 465 844 praediis
492 793 594 831 meis
616 791 726 842 quod
746 790 872 828 vellet
893 793 934 827 et
954 788 1100 839 quanti
1120 786 1248 824 vellet
1269 784 1412 832 obtuli,
1430 782 1615 832 exeeptis

284 864 482 902 maternis
496 862 764 913 paternisque
779 876 786 898 2
808 859 874 897 his
888 858 998 897 enini
1011 857 1153 895 cedere
1167 868 1217 893 ne
1233 854 1432 895 Corelliae
1449 853 1615 903 quidem

285 947 462 985 possum.
522 932 659 981 Igitur
687 944 779 969 011111
809 929 1046 967 obvenisset
1080 926 1184 964 mihi
1222 924 1432 963 hereditas
1461 923 1505 960 in
1535 935 1616 972 qua

286 1004 457 1055 praedia
493 1003 586 1050 ista,
623 1000 770 1050 scripsi
800 1000 838 1037 ei
869 998 1034 1036 venalia
1068 997 1220 1034 futura.
1290 996 1380 1032 Has
1414 992 1615 1043 epistulas

287 1076 463 1112 Hermes
484 1072 584 1110 tulit
605 1070 869 1119 exigentique
894 1072 940 1106 ut
965 1067 1106 1105 statim
1128 1065 1356 1116 portionem
1382 1075 1512 1100 mean]
1537 1061 1616 1100 sibi

287 1145 497 1183 addiceret
535 1141 686 1193 paruit.
762 1139 889 1178 Vides
924 1150 1048 1187 quani
1086 1140 1219 1174 ratum
1259 1134 1428 1172 debeam
1466 1132 1615 1170 habere

287 1215 397 1264 quod
426 1213 606 1250 libertus.
631 1223 745 1248 meus
775 1209 878 1247 meis
908 1207 1092 1245 moribus
1122 1205 1251 1254 gessit
1267 1206 1285 1242 Ῥ
1344 1204 1540 1253 Superest
1570 1204 1617 1238 ut

287 1283 507 1322 coheredes
537 1293 667 1330 aequo
696 1279 832 1318 animo
861 1279 998 1315 ferant
1027 1274 1251 1325 separatim
1284 1285 1347 1310 ine
1379 1271 1615 1309 vendidisse

288 1354 398 1403 quod
426 1352 531 1390 mihi
560 1350 679 1388 lieuit
703 1348 869 1386 omnino
898 1359 981 1384 non
1000 1346 1189 1383 vendere.
1247 1344 1335 1381 Nee
1357 1354 1452 1379 vero
1472 1353 1617 1389 eogun-

289 1428 356 1462 tur
376 1421 532 1460 imitari
554 1433 689 1458 meum
710 1417 956 1467 exemplum.
1014 1416 1110 1453 Non
1127 1414 1236 1451 enim
1256 1413 1341 1450 illis
1362 1411 1503 1449 eadem
1525 1422 1615 1447 011111

290 1492 469 1532 Corellia
489 1491 590 1528 iura.
648 1490 830 1527 Possunt
850 1499 945 1535 ergo
972 1484 1126 1523 intueri
1147 1482 1373 1521 utilitatem
1395 1492 1522 1528 suain,
1543 1492 1617 1529 pro

290 1575 372 1613 qua
392 1561 494 1599 mihi
515 1560 598 1598 fuit
618 1558 811 1598 amicitia.
869 1556 984 1595 Vale.

828 1693 895 1732 77.
924 1689 1077 1741 (XIV.)

556 1798 593 1830 C.
626 1795 815 1828 PLINIUS
848 1792 1123 1826 CORELLIAE
1157 1790 1281 1822 SUAE
1314 1789 1348 1821 S.

570 1891 725 1924 Corellia
743 1891 773 1921 is
791 1890 964 1920 reluctant
982 1892 1015 1919 ιο
1034 1889 1148 1925 accept
1165 1885 1220 1917 the
1230 1885 1348 1924 favor.

346 1988 410 2025 Tu
430 1985 596 2035 quidem
616 1981 920 2028 honestissime,
942 1979 1051 2029 quod
1070 1982 1156 2016 tam
1178 1977 1350 2026 inpense
1375 1978 1416 2012 et
1440 1985 1558 2022 rogas
1579 1977 1620 2010 et

294 2056 427 2105 exigis
456 2059 502 2093 ut
532 2053 661 2103 aeeipi
693 2052 854 2089 iubeam
888 2063 911 2087 a
939 2053 979 2086 te
1012 2048 1191 2098 pretium
1226 2058 1414 2094 agrorum
1450 2056 1531 2080 11011
1570 2054 1619 2079 ex

295 2124 569 2176 septingentis
599 2122 780 2167 milibus,
806 2119 951 2169 quanti
982 2118 1076 2155 illos
1106 2130 1129 2154 a
1158 2116 1306 2153 liberto
1336 2126 1437 2160 ineo,
1469 2112 1540 2150 sed
1570 2124 1619 2148 ex

295 2195 526 2245 nongentis,
548 2192 692 2242 quanti
720 2204 743 2228 a
766 2188 996 2240 publicanis
1021 2190 1179 2237 partem
1204 2184 1441 2222 vicesimam
1469 2181 1618 2219 emisti.

295 2265 478 2303 Invicem
500 2275 573 2311 ego
593 2266 633 2299 et
654 2272 750 2309 rogo
771 2263 811 2296 et
832 2258 951 2306 exigo
971 2261 1018 2294 ut
1038 2269 1118 2293 non
1136 2255 1266 2293 solum
1288 2253 1387 2302 quid
1408 2255 1460 2299 te,
1478 2263 1618 2288 verum

295 2336 419 2373 etiam
451 2333 551 2382 quid
590 2343 652 2368 me
687 2330 829 2367 deceat
867 2327 1042 2376 aspicias
1081 2324 1334 2374 patiarisque
1367 2334 1430 2358 ine
1466 2321 1507 2357 in
1545 2320 1620 2357 1100

298 2418 375 2442 uno
395 2403 473 2442 tibi
497 2402 638 2439 eodeni
665 2400 802 2437 animo
824 2408 1051 2447 repugnare
1076 2407 1156 2444 quo
1177 2394 1221 2431 in
1242 2392 1430 2431 omnibus
1451 2389 1619 2438 obsequi

295 2474 415 2514 soleo.
472 2471 587 2511 Vale.

1643 930 1679 957 10

1644 1281 1680 1309 15

1647 1983 1684 2010 20
