1859 2828
167 1245 186 1273 (ιι

150 1598 188 1627 10

156 2310 191 2337 15

215 199 268 240 92
766 201 804 234 c.
839 200 969 233 PLINI

598 503 788 545 LIBER
831 501 1160 545 SEPTIMUS.

788 650 856 689 75.
895 648 982 700 (v.)

463 758 502 791 C.
535 756 726 790 PLINIUS
759 754 1076 789 CALPURNIAE
1110 754 1235 787 SUAE
1267 753 1300 787 S.

756 854 789 886 A
808 855 882 886 love
900 855 1010 885 letter.

267 954 518 994 Incredibile
549 957 613 992 0311
640 957 795 1002 quanto
823 950 1032 989 desiderio
1056 949 1118 988 ‘cui
1143 953 1296 988 tenear.
1356 949 1408 987 In
1432 961 1557 988 causa
1585 956 1601 984 1

213 1039 326 1065 amor
365 1025 558 1076 primum,
599 1023 748 1061 deinde
788 1022 898 1072 quod
941 1034 1024 1059 non
1061 1020 1351 1059 consuevimus
1400 1020 1554 1059 abesse.

214 1097 317 1135 Inde
339 1100 401 1135 est
429 1095 538 1146 quod
568 1106 761 1143 magnam
792 1092 976 1130 noctium
1007 1095 1167 1142 partem
1199 1091 1241 1128 in
1271 1090 1454 1139 imagine
1485 1094 1558 1128 tua

215 1167 315 1217 vigil
337 1166 469 1215 exigo,
491 1165 587 1203 inde
609 1164 719 1214 quod
747 1163 932 1201 interdiu
949 1162 1099 1212 quibus
1120 1161 1233 1199 horis
1250 1165 1290 1199 te
1308 1160 1441 1199 visere
1459 1160 1559 1199 sole-

213 1239 307 1277 bam
329 1238 381 1276 ad
402 1237 583 1275 diaetam
604 1239 720 1273 tuam
735 1234 816 1284 ipsi
838 1245 914 1281 me,
937 1238 984 1271 ut
1005 1232 1221 1271 verissime
1244 1232 1409 1279 dicitur,
1431 1232 1557 1282 pedes

214 1310 383 1356 ducunt,
406 1307 515 1357 quod
536 1306 715 1355 denique
737 1316 858 1354 aeger
879 1307 920 1342 et
941 1307 1125 1342 maestus
1150 1315 1196 1341 ac
1218 1302 1368 1340 similis
1389 1301 1559 1340 excluso

213 1392 236 1418 a
274 1391 404 1417 vacuo
442 1377 586 1414 limine
625 1375 783 1414 recedo.
860 1375 1005 1413 Unum
1043 1377 1208 1423 tempus
1243 1373 1308 1411 1113
1339 1372 1558 1410 tormentis

214 1453 338 1498 caret,
365 1461 446 1498 11110
476 1447 519 1484 111
550 1447 641 1484 foro
672 1445 898 1484 amicorum
931 1444 1077 1482 litibus
1109 1447 1309 1481 conteror.
1368 1442 1560 1481 Aestima
1586 1452 1605 1480 2

214 1524 261 1558 tu
292 1531 396 1569 quae
428 1518 517 1556 vita
546 1529 637 1555 mea
667 1516 734 1564 sit,
765 1515 832 1554 cui
862 1515 1025 1565 requies
1055 1514 1099 1552 in
1128 1514 1279 1562 labore,
1309 1513 1354 1550 in
1391 1513 1560 1552 miseria

216 1590 408 1640 curisque
429 1588 639 1628 solacium.
698 1587 814 1627 Vale.

777 1719 844 1758 76.
887 1716 1001 1769 (XI.)

385 1827 423 1860 C.
460 1824 651 1858 PLINIUS
683 1821 879 1855 FABATO
912 1818 1196 1852 PROSOCERO
1230 1818 1319 1851 SUO
1353 1818 1386 1851 S.

511 1920 653 1960 Pliny's
670 1927 843 1960 qenerous
862 1917 1013 1957 bar-(sain
1033 1915 1114 1946 with
1137 1913 1304 1946 Corellia.

272 2016 441 2055 Miraris
462 2016 572 2065 quod
593 2015 784 2057 Hermes,
807 2012 982 2050 libertus
1004 2022 1132 2057 meus,
1146 2007 1419 2046 hereditarios
1441 2020 1560 2056 agros
1589 2019 1602 2046 1
1633 1997 1639 2001 ⁹

218 2100 320 2137 quos
342 2099 415 2135 ego
435 2086 635 2124 iusseram
667 2082 868 2134 proscribi
894 2094 977 2119 non
1000 2082 1242 2129 exspectata
1269 2077 1458 2116 auctione
1486 2090 1561 2127 pro

218 2170 308 2195 meo
336 2157 565 2206 quincunce
597 2168 647 2192 ex
679 2152 956 2204 septingentis
988 2150 1159 2188 milibus
1187 2148 1391 2188 Corelliae
1421 2147 1561 2185 addix-

218 2227 307 2264 erit.
368 2227 513 2264 Adicis
535 2226 610 2263 hos
632 2223 854 2271 nongentis
880 2221 1050 2258 milibus
1072 2232 1192 2269 posse
1215 2218 1355 2256 venire
1378 2231 1423 2256 ac
1443 2222 1561 2256 'canto

219 2297 351 2353 magis
382 2297 546 2347 quaeris
576 2309 627 2333 an
659 2294 767 2344 quod
799 2292 928 2342 gessit
958 2295 1093 2328 ratum
1125 2301 1296 2327 servem.
1356 2289 1444 2337 Ego
1463 2300 1562 2326 vero
1589 2302 1608 2330 2

221 2381 361 2406 servo:
394 2367 545 2416 quibus
567 2379 614 2403 ex
638 2364 786 2411 causis,
810 2362 959 2411 awipe.
1020 2360 1152 2409 Cupio
1178 2359 1289 2396 enim
1316 2362 1356 2396 eb
1377 2358 1454 2396 tibi
1476 2371 1562 2408 pro-

220 2439 362 2476 batum
395 2442 436 2475 ct
465 2435 737 2474 coheredibus
769 2433 869 2470 meis
896 2434 1137 2469 excusatum
1167 2442 1256 2467 esse
1285 2429 1395 2478 quod
1423 2441 1486 2465 me
1512 2428 1563 2466 ab

222 2509 308 2546 11113
325 2508 478 2546 maiore
494 2507 625 2545 officio
644 2506 809 2543 iubente
828 2515 1005 2542 secerno.
1057 2500 1278 2540 Corelliam
1295 2512 1386 2537 cum
1404 2511 1564 2537 sumnia
1591 2511 1609 2539 3
