1875 2812
632 207 977 240 EPISTULARUM
1012 206 1056 236 II.
1084 205 1136 236 20.
1513 192 1566 232 35

239 327 483 380 praesertim
518 337 640 374 super
674 327 792 360 tanta
825 334 877 358 re.
953 321 1060 357 Nam
1097 318 1196 368 quid
1231 316 1361 364 magis
1396 316 1568 353 interest

243 402 380 437 vestra
399 408 523 446 quam
544 398 591 431 ut
615 393 734 431 liberi
758 392 952 440 (dicerem
979 389 1053 436 tui,
1075 388 1155 425 nisi
1182 399 1290 424 1111110
1317 386 1411 423 illos
1438 384 1567 432 magis

241 468 418 519 amares)
450 465 565 514 digni
596 463 668 501 illo
698 466 826 512 patre,
857 465 897 498 te
931 464 1077 510 patruo
1114 457 1406 507 reperiantur?
1447 466 1567 504 quam

195 548 214 577 5
242 550 379 577 curam
408 535 524 583 1111111,
547 534 670 572 etiam
699 532 733 570 si
760 544 842 569 non
869 530 1117 576 mandasses,
1139 526 1424 564 vindicassem.
1483 524 1569 561 Nec

242 609 386 658 ignoro
411 603 693 654 suscipiendas
721 602 898 639 offensas
923 600 966 636 111
990 598 1178 646 eligendo
1204 598 1478 646 praeceptore,
1501 593 1571 630 sed
1598 600 1614 625 .··

244 680 405 728 oportet
434 688 497 713 me
529 686 611 711 non
645 672 765 709 modo
799 670 976 708 offensas
1006 680 1146 705 verum
1182 666 1305 703 etiam
1340 663 1571 702 simultates

244 760 317 798 pro
346 745 489 784 fratris
519 743 581 781 tui
610 741 710 780 filiis
740 744 824 778 tam
855 751 984 788 aequo
1015 737 1151 776 animo
1183 735 1318 773 subire
1353 745 1476 783 quam
1507 744 1573 782 pa-

245 814 382 855 rentes
402 827 475 866 pro
497 813 592 852 suis.
649 812 764 851 Vale.

791 936 859 974 29.
900 933 1030 984 (XX.)

564 1045 601 1077 C.
638 1041 827 1074 PLINIUS
859 1038 1083 1072 CALVISIO
1116 1036 1203 1069 SUO
1236 1037 1269 1068 S.

641 1141 803 1182 Regulus
821 1148 860 1170 as
877 1148 897 1170 (ι
917 1137 1189 1177 lessacy-hunter.

207 1255 223 1283 1
306 1243 453 1281 Assem
478 1243 578 1291 para
605 1243 646 1277 et
666 1238 804 1288 accipe
832 1248 996 1274 auream
1023 1233 1219 1279 fabulam,
1241 1229 1404 1268 fabulas
1433 1228 1576 1265 immo:

253 1326 349 1352 nam
368 1324 432 1350 1110
453 1310 637 1361 priorum
657 1320 764 1346 nova
784 1305 1007 1352 admonuit,
1029 1315 1103 1341 nec
1127 1302 1254 1340 refert
1275 1313 1298 1338 a
1318 1312 1399 1349 qua
1422 1296 1582 1348 potissi-

208 1393 227 1422 2
255 1396 366 1421 mum
392 1380 600 1430 incipiam.
660 1377 840 1416 Verania
862 1374 1026 1413 Pisonis
1057 1372 1237 1421 graviter
1264 1369 1432 1415 iacebat,
1460 1366 1582 1404 huius

256 1453 347 1491 (1100
375 1450 540 1489 Pisonis
571 1461 693 1499 quem
723 1447 856 1486 Galba
885 1443 1109 1494 adoptavit.
1170 1441 1234 1478 Ad
1265 1440 1370 1477 hanc
1400 1435 1583 1485 Regulus

258 1523 381 1560 venit.
452 1520 641 1559 Primum
679 1516 965 1567 inpudentiam
1009 1512 1186 1551 hominis
1226 1509 1296 1559 (1111
1334 1506 1494 1545 venerit
1534 1505 1585 1542 ad

258 1602 434 1641 aegram,
474 1589 591 1628 cuius
630 1587 780 1626 marito
823 1583 1147 1628 inimicissimus,
1187 1580 1267 1630 ipsi
1308 1576 1585 1616 invisissimus

213 1675 232 1703 3
258 1663 407 1700 fuerat.
464 1660 579 1707 Esto,
611 1658 645 1696 si
675 1657 789 1694 venit
818 1659 1000 1693 tautum:
1038 1656 1080 1690 at
1113 1651 1184 1688 ille
1219 1650 1343 1687 etiam
1376 1647 1586 1698 proximus

259 1737 349 1770 toro
384 1731 502 1778 sedit,
538 1742 618 1779 quo
657 1728 733 1774 die,
769 1738 851 1776 qua
887 1725 988 1761 liora
1025 1726 1123 1760 nata
1161 1723 1269 1758 esset
1307 1715 1585 1764 interrogavit.

263 1801 347 1841 Ubi
391 1799 534 1847 audiit,
575 1796 784 1847 componit
823 1794 995 1840 vultum,
1036 1790 1216 1829 intendit
1264 1788 1412 1833 oculos,
1453 1787 1590 1822 movet

263 1872 389 1919 labra,
419 1870 550 1919 agitat
584 1868 748 1917 digitos,
781 1867 1013 1914 computat,
1054 1861 1180 1899 nihil:
1222 1864 1268 1896 ut
1299 1858 1369 1895 diu
1400 1856 1590 1893 miseram

264 1940 549 1991 expectatione
588 1935 817 1987 suspendit,
855 1933 1025 1971 ‘habes’
1066 1930 1203 1980 inquit
1247 1924 1591 1965 ί0111111101011011111

219 2025 237 2052 4
265 2016 440 2061 tempus,
463 2009 535 2048 sed
562 2007 720 2045 evades.
780 2004 897 2050 Quod
926 2007 972 2040 ut
1001 2001 1077 2040 tibi
1108 1999 1238 2048 magis
1267 1995 1594 2047 11(1110111,11111113-

267 2081 398 2131 picem
437 2078 648 2117 consulam
679 2088 800 2126 quem
831 2087 920 2111 sum
950 2073 1188 2120 frequenter
1219 2066 1436 2117 expertuss
1508 2064 1592 2100 Nec

221 2094 239 2121 Ul

268 2163 401 2188 mora:
435 2148 679 2187 sacrificium
702 2146 815 2187 facit,
834 2144 1025 2182 adfirmat
1047 2144 1142 2178 exta
1162 2152 1251 2176 cum
1274 2137 1452 2175 siderum
1475 2132 1596 2179 signi-

270 2221 459 2259 ficatione
489 2229 722 2267 congruere.
782 2215 874 2255 Illa,
904 2218 948 2250 ut
978 2213 1021 2249 in
1051 2209 1231 2261 periculo
1261 2206 1437 2245 credula,
1466 2202 1597 2253 poscit

271 2290 493 2336 codicillos,
540 2289 721 2336 legatum
769 2284 928 2332 Regulo
974 2281 1138 2320 scribit:
1190 2292 1281 2315 mox
1330 2272 1595 2323 111g1·21v‹›s‹·it:

272 2361 423 2398 clamat
469 2358 648 2396 moriens
696 2355 902 2393 hominem
947 2364 1135 2400 nequam,
1176 2347 1376 2398 perfidum
1415 2358 1458 2381 ac
1508 2342 1598 2391 plus

274 2431 399 2468 etiam
433 2442 555 2479 quam
590 2427 813 2477 periurum,
849 2423 918 2473 qui
955 2422 1031 2459 sibi
1071 2432 1142 2469 per
1177 2417 1349 2455 salutem
1386 2413 1459 2450 11111
1498 2411 1600 2460 111-10-

229 2509 247 2536 6
275 2503 416 2538 rasset.
477 2498 593 2536 Facit
626 2497 701 2533 hoc
737 2493 920 2543 Regulus
954 2504 1033 2528 non
1069 2489 1205 2526 minus
1245 2485 1440 2524 scelerate
1480 2493 1599 2530 quam

1611 1305 1646 1333 10

1618 1654 1651 1681 15

1621 1999 1657 2026 20

1627 2348 1650 2375 [ι

1649 2349 1662 2371 -Ι
