1875 2812
197 674 213 702 1

200 955 218 983 [Ο

212 1867 230 1895 10

649 205 992 240 EPISTULARUM
1024 205 1068 237 v.
1095 203 1149 235 21.
1505 192 1560 234 75

663 418 667 420 q
744 361 812 400 61.
853 357 1054 410 (XVIII.)

422 469 461 502 C.
497 466 687 500 PLINIUS
719 463 994 498 CALPURN10
1026 460 1195 494 MACRO
1228 459 1315 492 SUO
1347 459 1380 491 S.

777 562 934 601 Countrgs
944 562 1032 604 joys.

296 666 407 704 Bene
446 667 509 702 est
541 661 655 709 mihi,
691 660 788 710 quia
826 658 903 696 tibi
942 658 1043 695 bene
1077 660 1150 694 est.
1221 654 1364 692 Habes
1397 664 1566 690 uxorem

243 740 390 782 tecum,
424 733 551 771 habes
585 731 740 777 filiuni,
784 727 935 766 frueris
970 726 1084 773 mari,
1120 724 1317 771 fontibus,
1352 721 1566 769 viridibus,

245 817 353 853 agro,
374 803 476 841 villa
496 799 795 840 amoenissima.
852 797 998 846 Neque
1025 795 1131 833 enim
1158 793 1301 831 dubito
1326 804 1414 830 esse
1441 802 1568 829 amoe-

245 874 470 920 nissimam,
492 872 535 909 in
556 883 637 920 qua
657 881 699 908 se
719 870 989 917 conposuerat
1009 865 1130 902 homo
1151 862 1311 901 felicior
1331 866 1425 899 ante
1445 872 1567 910 quain

246 943 514 981 felicissimus
543 940 671 978 fieret.
730 939 817 986 Ego
847 937 891 973 in
919 935 1062 972 Tuscis
1102 938 1143 971 et
1172 944 1296 969 venor
1334 935 1375 968 et
1414 930 1569 976 studeo,

248 1025 351 1063 quae
371 1011 579 1049 interdum
604 1007 776 1047 alternis
801 1005 1011 1043 interdum
1039 1002 1162 1041 simul
1190 1001 1310 1048 facio,
1332 1012 1405 1038 nee
1432 1003 1572 1037 tamen

248 1083 381 1121 adhuc
415 1093 582 1131 possum
620 1076 886 1128 pronuntiare
925 1079 1063 1111 utrum
1098 1072 1153 1110 sit
1187 1069 1394 1108 difficilius
1429 1080 1571 1118 capere

248 1151 407 1202 aliquid
428 1163 480 1189 an
501 1149 686 1188 scribere.
743 1145 858 1185 Vale.

782 1275 851 1314 62.
892 1271 1046 1323 (ΧΧΙ.)

536 1383 573 1415 C.
610 1379 800 1414 PLINIUS
831 1376 1105 1411 SATURNINO
1138 1374 1225 1406 SUO
1258 1374 1293 1406 S.

406 1482 535 1514 Hlness
552 1480 725 1520 ofJulz'us
749 1475 875 1508 Valens
893 1475 964 1507 (md
980 1474 1080 1505 death
1100 1472 1274 1513 ofJulz'us
1292 1470 1427 1502 Avitus.

307 1581 431 1619 Varie
458 1592 521 1617 me
552 1579 793 1617 adfecerunt
822 1576 986 1613 litterae
1017 1578 1132 1612 tuae:
1164 1584 1259 1609 nam
1289 1569 1440 1620 partim
1470 1568 1578 1605 laeta

256 1651 408 1701 partim
434 1648 574 1687 tristia
599 1646 886 1685 continebant:
918 1644 1037 1689 laeta,
1060 1642 1168 1692 quod
1195 1645 1235 1678 te
1259 1640 1307 1677 111
1326 1639 1424 1676 urbe
1447 1636 1578 1675 teneri

257 1719 526 1766 nuutiabant3
568 1716 763 1754 ‘nollem’
799 1714 949 1764 inquis,
985 1713 1056 1751 secl
1094 1724 1167 1759 ego
1201 1710 1313 1747 volo:
1355 1712 1577 1757 praeterea,

258 1790 367 1839 quod
394 1789 660 1826 recitaturum
690 1785 831 1824 statim
855 1788 901 1821 ut
925 1782 1129 1820 venissem
1152 1779 1474 1830 pollicebantur,
1505 1788 1579 1823 ago

258 1859 413 1907 gratias
441 1857 550 1907 quod
577 1858 779 1905 expector.
839 1853 973 1890 Triste
1004 1851 1110 1888 illud
1137 1849 1245 1899 quod
1270 1847 1402 1885 Iulius
1426 1845 1579 1883 Valens

259 1928 439 1977 graviter
458 1927 586 1973 iacet3
618 1935 862 1974 quamquam
886 1935 936 1959 ne
958 1922 1031 1958 hoc
1060 1919 1225 1969 quidem
1254 1917 1385 1963 triste,
1409 1915 1442 1952 si
1467 1914 1579 1951 illius

259 1997 513 2035 utilitatibus
540 1995 790 2040 aestimetur,
813 1993 926 2030 cuius
955 1992 1129 2028 interest
1156 2001 1277 2038 quam
1305 1984 1580 2024 maturissime

262 2065 543 2116 inexplicabili
561 2064 700 2102 morbo
716 2062 892 2100 liberari.
952 2060 1064 2097 Illud
1081 2059 1201 2109 plane
1218 2070 1298 2094 11011
1315 2056 1433 2093 triste
1451 2053 1581 2092 solum

261 2149 402 2174 verum
422 2135 545 2173 etiam
566 2134 796 2171 luctuosum
818 2131 926 2180 quod
950 2129 1081 2167 Iulius
1104 2128 1253 2165 Avitus
1279 2124 1464 2170 decessit,
1487 2123 1582 2160 1111111

262 2219 312 2244 ex
351 2209 573 2256 quaestura
611 2204 730 2246 redit,
771 2201 947 2239 decessit
986 2200 1027 2236 in
1066 2198 1174 2241 navi,
1215 2195 1354 2245 procul
1396 2206 1419 2231 a
1456 2193 1582 2229 fratre

263 2275 558 2321 amantissimo,
580 2272 721 2323 procul
751 2284 773 2309 a
797 2274 939 2317 matre,
962 2282 985 2306 a
1009 2267 1225 2305 sororibus.
1284 2263 1402 2302 Nihil
1430 2263 1511 2299 ista
1533 2261 1582 2298 {ul

1607 1638 1642 1665 10

1611 1986 1645 2013 15

264 2349 469 2383 mortuum
510 2343 729 2393 pertinent,
770 2341 839 2378 sed
879 2339 1176 2389 pertinuerunt,
1216 2348 1304 2372 cum
1348 2334 1583 2369 moreretur.
1613 2333 1650 2361 20

266 2415 475 2465 pertinent
513 2413 563 2450 ad
602 2412 675 2448 hos
715 2410 782 2460 qui
825 2411 1054 2458 supersunt.
1134 2406 1218 2442 Iam
1261 2402 1368 2452 quod
1408 2401 1450 2437 in
1488 2399 1585 2436 flore

266 2484 397 2534 primo
418 2486 556 2520 tantae
579 2480 730 2518 indolis
756 2478 915 2516 iuvenis
939 2477 1146 2514 extinctus
1173 2478 1246 2520 est,
1269 2482 1428 2509 summa
1453 2480 1587 2507 conse-
