1875 2812
192 608 210 635 (π

204 2212 223 2239 9

642 201 987 233 EPISTULARUM
1021 203 1083 234 IX.
1113 202 1167 234 33.
1487 196 1569 237 117

238 317 404 367 quidam
434 315 652 354 audentior
681 316 828 354 ceteris
849 316 893 353 111
913 316 1110 355 ulteriora
1138 317 1345 356 tendebat.
1404 317 1573 367 Delphi-

238 400 315 425 nus
354 386 542 434 occurrit,
575 389 616 423 et
649 398 757 430 1111110
795 387 1037 436 praecedere
1076 399 1260 436 puerum,
1295 399 1403 425 1111110
1441 388 1570 438 sequi,

238 470 346 495 nunc
376 456 602 499 circumire,
634 459 842 505 postremo
877 456 1025 504 subire,
1057 457 1272 506 deponere,
1304 457 1451 494 iterum
1483 458 1572 495 sub-

238 527 309 574 ire,
348 526 709 576 trepidantemque
758 526 940 575 perferre
988 527 1167 576 primum
1210 527 1253 563 111
1294 526 1436 575 altum,
1476 540 1571 564 mox

238 597 369 634 flectit
397 597 449 634 ad
479 596 580 633 litus
611 596 830 645 redditque
870 599 1002 634 terrae
1029 600 1083 634 ‘et
1123 596 1374 646 aequalibus.
1434 597 1572 646 Serpit

238 679 311 717 per
349 666 552 704 coloniam
586 666 720 703 fama:
763 678 1001 703 concurrere
1040 679 1192 714 omnes,
1224 667 1358 715 ipsum
1400 679 1571 716 puerum

239 740 451 786 tamquam
490 736 733 774 miraculum
774 736 968 785 aspicere,
1004 736 1269 785 interrogare,
1300 736 1454 784 audire,
1485 750 1573 774 nar-

240 819 340 844 rare.
399 807 571 844 Postero
610 806 676 843 die
716 806 907 844 obsident
945 806 1057 853 litus,
1090 810 1356 856 prospectant
1386 819 1497 844 mare
1532 810 1573 844 et

241 877 276 915 si
308 876 408 926 quid
443 880 506 914 est
539 876 643 913 mari
675 876 820 913 simile.
879 876 1039 914 Natant
1068 877 1206 926 pueri:
1247 876 1355 914 inter
1384 877 1457 915 hos
1488 877 1571 923 ille,

241 947 314 985 sed
351 946 523 984 cautius.
582 945 816 995 Delphinus
856 959 998 984 rursus
1037 946 1089 984 ad
1127 950 1302 995 tempus,
1342 959 1482 984 rursus
1522 947 1572 984 ad

241 1028 412 1066 puerum
456 1015 582 1053 venit.
659 1016 785 1064 Fugit
832 1015 902 1053 ille
950 1028 1042 1053 011111
1090 1016 1248 1053 ceteris.
1324 1016 1572 1065 Delphinus,

242 1086 360 1136 quasi
385 1085 535 1124 invitet
566 1089 607 1123 et
637 1089 811 1132 revocet,
827 1085 980 1133 exsilit,
1003 1085 1203 1134 mergitur
1224 1086 1440 1135 variosque
1457 1086 1573 1124 orbes

241 1155 451 1206 inplicitat
488 1155 751 1205 expeditque.
810 1155 901 1193 Hoc
941 1155 1072 1193 altero
1111 1155 1188 1201 die,
1222 1155 1296 1192 hoc
1330 1157 1465 1202 tertio,
1498 1156 1573 1193 hoe

242 1226 442 1276 pluribus,
465 1226 600 1263 donee
616 1225 803 1263 homines
828 1225 1052 1263 innutritos
1082 1226 1185 1263 mari
1216 1226 1371 1263 subiret
1400 1226 1573 1263 timendi

242 1296 384 1346 pudor.
457 1296 673 1334 Accedunt
721 1299 762 1333 et
809 1295 1014 1333 adludunt
1053 1299 1094 1332 et
1133 1295 1358 1345 appellant,
1398 1299 1575 1343 tangunt

243 1367 368 1404 etiam
388 1370 725 1416 pertrectantque
752 1366 1028 1415 praebentem.
1089 1366 1247 1403 Crescit
1267 1366 1440 1403 audacia
1459 1378 1576 1414 expe-

243 1437 431 1474 rimento.
490 1436 672 1474 Maxime
703 1448 803 1485 puer
833 1435 903 1484 qui
933 1435 1089 1484 primus
1120 1440 1314 1484 expertus
1354 1439 1417 1473 est
1455 1435 1577 1472 adna-

243 1506 373 1544 tantis
403 1505 539 1544 insilit
567 1509 693 1554 tergo,
716 1506 849 1542 fertur
879 1505 1150 1554 referturque,
1173 1505 1339 1553 agnosci
1368 1517 1421 1549 se,
1448 1504 1575 1542 amari

244 1579 376 1626 putat,
407 1579 518 1613 amat
552 1575 662 1625 ipse:
703 1578 848 1612 neuter
880 1575 1011 1619 timet,
1042 1578 1188 1612 neuter
1221 1575 1412 1612 timetur:
1453 1574 1575 1611 huius

245 1645 408 1697 fiducia,
439 1645 712 1683 mansuetudo
743 1644 857 1681 illius
887 1648 1069 1693 augetur.
1128 1644 1215 1681 Nec
1246 1657 1326 1681 non
1356 1643 1429 1681 alii
1459 1644 1575 1693 pueri

246 1716 392 1753 dextra
408 1715 605 1764 laevaque
628 1714 750 1752 simul
771 1718 870 1751 eunt
891 1714 1103 1751 hortantes
1120 1717 1424 1763 monentesque.
1484 1714 1578 1751 Ibat

246 1797 328 1823 una
349 1785 410 1834 (id
431 1797 591 1834 quoque
612 1784 780 1831 mirum)
804 1783 1026 1833 delphinus
1049 1783 1167 1829 alius,
1189 1786 1351 1820 tantum
1373 1786 1577 1832 spectator

247 1858 288 1892 et
317 1866 462 1892 comes.
520 1853 640 1891 Nihil
661 1853 770 1890 enim
792 1853 926 1890 simile
947 1856 1020 1890 aut
1039 1853 1219 1890 faciebat
1240 1856 1311 1890 aut
1331 1853 1576 1902 patiebatur,

248 1925 319 1962 sed
341 1924 515 1961 alterum
537 1923 656 1960 illum
677 1923 849 1960 ducebat
868 1923 1182 1972 redueebatque,
1200 1926 1245 1959 ut
1261 1935 1432 1971 puerum
1453 1923 1577 1960 ceteri

248 1994 375 2043 pueri.
434 1993 695 2037 Incredibile,
724 1996 808 2030 tam
836 2005 977 2029 verum
1007 1996 1145 2029 tamen
1175 2005 1297 2041 quam
1328 1993 1475 2041 priora,
1498 1992 1579 2029 del·
1606 1999 1640 2026 ‘5

249 2063 422 2113 phinum
454 2066 700 2111 gestatorem
732 2062 1069 2111 conlusoremque
1105 2074 1324 2111 puerorum
1355 2062 1396 2098 in
1426 2066 1577 2099 terrain

250 2145 411 2182 quoque
450 2132 612 2170 extrahi
651 2132 817 2170 solitum
850 2132 1096 2180 harenisque
1135 2132 1343 2175 siccatum,
1374 2131 1443 2169 ubi
1475 2132 1580 2168 inea-

250 2202 408 2250 luisset,
447 2203 488 2239 in
528 2215 638 2240 mare
678 2202 845 2239 revolvi.
921 2202 1094 2239 Constat
1137 2201 1354 2239 Octavium
1392 2200 1576 2247 Avitum,

252 2271 431 2320 legatum
470 2284 544 2321 pro
581 2271 760 2317 consule,
796 2271 838 2308 in
873 2271 973 2308 litus
1012 2271 1160 2307 educto
1207 2270 1404 2318 religione
1452 2283 1580 2319 prava

253 2341 536 2391 superfudisse
564 2345 829 2389 unguentum,
852 2341 968 2378 0111113
998 2340 1116 2377 11111111
1146 2340 1373 2377 novitatem
1403 2340 1580 2377 odorem-

254 2423 332 2459 que
360 2411 401 2447 in
429 2411 559 2448 altum
587 2411 789 2459 refugisse
817 2423 889 2446 nec
917 2410 996 2447 nisi
1026 2416 1119 2458 post
1149 2409 1299 2447 multos
1330 2410 1417 2447 (lies
1446 2410 1579 2447 visum

254 2480 495 2528 languidum
534 2484 574 2517 et
612 2484 826 2526 maestum,
862 2493 954 2516 mox
995 2479 1167 2516 redditis
1208 2478 1365 2517 viribus
1404 2479 1577 2528 priorem

1599 605 1617 633 01

1603 956 1638 983 10

1607 2348 1644 2375 30
