1875 2812
666 198 1007 231 EPISTULARUM
1042 201 1105 231 111.
1137 202 1186 233 18.
1523 197 1577 236 49

248 310 370 358 fama,
391 309 492 349 haec
513 311 629 350 nulla
649 312 897 352 circumfert.
958 315 1074 352 Unde
1096 315 1305 364 colligitur
1326 317 1435 366 quod
1456 317 1577 355 initio

248 379 346 428 dixi,
368 380 451 419 alia
471 393 559 420 esse
579 381 753 421 clariora
773 383 855 422 alia
875 384 1038 422 maiora.
1098 385 1210 423 Vale.

753 537 823 575 38.
863 536 1064 588 (xviii.)

481 640 518 672 C.
555 641 747 673 PLINIUS
779 641 924 674 CURIO
958 643 1147 675 SEVERO
1180 645 1268 677 SL'O
1301 646 1334 678 S.

243 736 363 768 About
386 736 441 768 the
467 737 675 777 Pan-emme,
704 739 776 769 (zaid
804 739 879 770 how
905 739 1045 778 Plz'ny's
1070 740 1211 779 friends
1236 742 1384 773 listened
1407 746 1440 774 co
1466 744 1493 774 it
1509 744 1574 783 for

276 800 280 801 ⁷
797 799 891 830 tlerve
915 799 1009 838 days.

297 872 485 911 Officium
506 874 747 912 consulatus
777 875 960 913 iniunxit
990 876 1093 913 mihi
1123 881 1169 914 ut
1200 877 1258 914 rei
1288 877 1476 927 publicae
1506 892 1572 916 no-

242 943 351 981 mine
373 943 552 993 principi
574 944 730 993 gratias
751 957 923 993 agerem.
984 946 1099 990 Quod
1129 959 1202 995 ego
1233 947 1273 984 in
1306 952 1450 985 senatu
1480 961 1571 986 cum

241 1013 292 1050 ad
313 1013 515 1051 rationem
544 1018 585 1052 et
614 1014 693 1052 loci
723 1019 764 1052 et
793 1016 991 1064 temporis
1021 1028 1069 1053 ex
1102 1029 1211 1053 more
1241 1017 1444 1065 fecissem,
1465 1018 1570 1055 bono

240 1083 323 1121 civi
356 1084 794 1122 convenientissimum
822 1085 977 1122 credidi
1005 1086 1146 1123 eadem
1176 1086 1248 1124 illa
1278 1087 1499 1136 spatiosius
1529 1093 1569 1126 et

239 1153 407 1191 uberius
436 1148 646 1191 volumine
677 1154 893 1204 amplecti3
924 1155 1114 1204 primum,
1137 1160 1183 1193 ut
1213 1156 1452 1205 insperatori
1482 1170 1570 1195 nos-

240 1227 303 1261 tro
325 1223 501 1261 virtutes
523 1235 620 1261 suae
642 1224 750 1261 veris
771 1224 963 1262 laudibus
990 1226 1383 1273 commendarentur,
1406 1227 1566 1266 deinde.

239 1297 286 1331 ut
306 1293 440 1331 futuri
460 1294 670 1343 principes
690 1307 771 1331 non
794 1295 911 1344 quasi
942 1307 965 1332 a
994 1296 1202 1343 magistro,
1226 1297 1295 1334 sed
1326 1294 1463 1334 tamen
1493 1298 1568 1335 sub

239 1363 428 1413 exemplo
457 1369 824 1413 praemonerentur
845 1377 925 1414 qua
950 1365 1211 1414 potissimum
1232 1366 1301 1404 via
1320 1371 1487 1415 possent
1517 1367 1567 1404 ad

239 1433 412 1471 eandem
432 1433 605 1482 gloriam
626 1434 717 1471 niti.
771 1434 811 1471 N
815 1447 881 1472 am
901 1435 1134 1484 praecipere
1156 1435 1291 1485 qualis
1313 1448 1399 1473 esse
1421 1436 1568 1474 debeat

238 1503 431 1552 princeps
452 1503 673 1553 pulchrum
693 1503 872 1553 quidem,
892 1504 962 1541 sed
983 1517 1198 1542 onerosum
1218 1518 1263 1542 ac
1285 1517 1410 1554 prope
1432 1518 1568 1555 super-

238 1573 336 1610 bum
373 1577 447 1621 est,
478 1573 646 1611 laudare
676 1586 772 1610 vero
811 1574 1014 1623 optimum
1052 1575 1277 1624 principem
1315 1588 1359 1612 ac
1392 1588 1463 1624 per
1492 1576 1567 1612 hoc

238 1643 415 1692 posteris
437 1643 551 1681 velut
572 1656 593 1680 e
615 1643 781 1693 specula
805 1643 942 1681 lumen
964 1644 1072 1693 quod
1098 1650 1321 1694 sequantur
1351 1645 1565 1682 ostendere

238 1712 347 1750 idem
367 1713 568 1751 utilitatis
588 1713 725 1761 habet,
744 1713 1010 1762 adrogantiae
1031 1714 1148 1751 nihil.
1208 1714 1305 1764 Cepi
1328 1719 1463 1752 autem
1486 1728 1565 1751 non

238 1783 485 1820 mediocrem
512 1783 769 1833 voluptatem
809 1783 930 1833 quod,
962 1783 1071 1821 hunc
1105 1784 1256 1821 librum
1295 1796 1384 1821 cum
1425 1785 1566 1822 amicis

238 1852 411 1890 recitare
440 1853 676 1901 voluissem,
707 1866 788 1891 non
824 1866 895 1903 per
925 1853 1148 1901 codicillos,
1179 1867 1260 1891 non
1290 1867 1362 1903 per
1391 1854 1564 1901 libellos,

240 1923 311 1960 sed
342 1926 351 1945 ί
365 1923 399 1961 si
420 1924 700 1961 commodum’
723 1928 763 1961 et
785 1927 794 1945 ⁴
809 1924 843 1961 si
866 1923 985 1961 valde
1006 1924 1193 1961 vacaret'
1215 1924 1413 1961 admoniti
1438 1924 1566 1973 (num-

239 2005 363 2042 quam
391 2005 511 2042 porro
540 1998 612 2031 aut
636 1993 756 2031 valde
788 1998 906 2031 vacat
936 1994 1091 2030 Romae
1121 1997 1192 2030 aut
1221 1994 1475 2030 commodum
1505 1999 1565 2030 est

239 2062 382 2100 audire
421 2063 697 2114 recitantem),
738 2063 990 2100 foedissimis
1030 2063 1194 2112 insuper
1237 2063 1563 2112 tempestatibus,

238 2144 311 2181 per
339 2132 511 2170 biduum
544 2136 835 2177 convei'ierunt,
867 2144 1039 2181 cumque
1079 2132 1279 2169 modestia
1317 2145 1406 2169 mea
1443 2132 1564 2168 finem

238 2201 474 2240 recitationi
513 2202 649 2240 facere
679 2202 891 2250 voluisset,
926 2207 972 2239 ut
1010 2202 1211 2239 adicerem
1249 2202 1418 2239 tertium
1457 2202 1564 2238 diem

239 2275 474 2320 exegerunt.
534 2272 640 2309 Mihi
662 2272 770 2309 hunc
792 2272 988 2309 honorem
1016 2271 1206 2309 habitum
1235 2276 1373 2320 putem
1405 2283 1455 2308 an
1487 2275 1566 2307 stu-

240 2341 354 2379 diis?
387 2342 537 2380 studiis
558 2342 676 2389 malo,
699 2354 802 2391 quae
834 2354 957 2391 prope
985 2341 1171 2378 extincta
1201 2342 1448 2378 refoventur.
1508 2340 1565 2377 At

239 2411 304 2449 cui
315 2412 512 2449 materiae
528 2411 635 2449 hanc
650 2412 913 2449 sedulitatem
931 2411 1227 2460 praestiterunt
1240 2414 1258 2446 ἱ)
1282 2422 1425 2459 nempe
1443 2423 1563 2459 quam

240 2481 283 2518 in
305 2485 451 2519 senatu
471 2494 644 2531 quoque,
666 2481 734 2519 ubi
757 2481 918 2531 perpeti
939 2492 1103 2518 necesse
1124 2484 1223 2527 erat,
1246 2480 1405 2527 gravari
1428 2483 1563 2516 tamen

1596 1376 1632 1404 10

1595 1724 1630 1752 15

1593 2074 1630 2101 ‘20

1593 2424 1628 2450 25
