1875 2812
252 1930 267 1958 1

728 208 1074 242 EPISTULARUM
1107 212 1150 243 v.
1181 212 1231 244 16.
1589 207 1641 249 73

311 333 385 369 ego
406 321 478 370 qui
499 321 562 358 Vir
581 325 624 360 et
643 326 823 371 quantus
844 328 953 362 esset
973 324 1175 364 altissime
1197 326 1372 377 inspexi,
1389 341 1482 366 cum
1503 342 1641 380 seque-

310 402 374 428 rer
412 394 458 428 ut
496 391 751 440 magistrum,
783 397 828 431 ut
866 398 1080 443 parentem
1108 408 1283 445 vererer,
1305 398 1414 447 quod
1443 411 1525 436 non
1555 404 1640 438 tam

309 460 459 500 aetatis
480 462 720 500 maturitate
742 475 865 512 quam
889 464 1001 502 vitae
1027 466 1271 505 merebatur.
1329 467 1410 507 His
1432 481 1482 506 ex
1503 471 1638 509 causis

308 534 354 568 ut
374 530 439 568 illi
460 531 517 569 sic
534 531 637 569 mihi
655 533 849 581 gratulor,
867 546 940 572 nec
958 535 1153 584 privatim
1170 537 1301 585 magis
1319 550 1441 587 quam
1461 540 1636 588 publice,

308 601 416 649 quod
445 601 614 639 tandem
644 602 830 641 homines
862 616 941 642 non
967 605 1020 642 ad
1051 602 1245 654 pericula,
1267 610 1314 644 ut
1344 608 1472 657 prius,
1493 621 1633 647 verum
1664 618 1682 647 5

307 671 359 708 ad
388 670 562 710 honores
588 672 742 710 virtute
772 674 1031 722 perveniunt.
1091 675 1144 712 In
1172 675 1383 714 infinitum
1413 678 1635 727 epistulam

306 741 540 789 extendam,
563 741 597 780 si
628 742 777 790 gaudio
807 755 896 781 meo
925 743 1175 793 indulgeam.
1233 746 1478 785 Praevertor
1507 749 1559 786 ad
1588 761 1636 787 ea

306 823 410 860 quae
435 823 499 849 me
529 816 720 860 agentem
748 812 815 850 hic
845 813 1015 852 nuntius
1046 815 1329 864 deprehendit.
1388 818 1513 855 Eram
1542 831 1634 856 cum

305 893 521 930 prosocero
540 894 642 929 meo,
665 894 775 920 eram
797 895 888 920 011111
909 884 1037 922 amita
1055 885 1208 933 uxoris,
1232 897 1343 923 eram
1372 899 1465 924 011111
1491 888 1634 927 amicis

305 950 375 988 diu
414 951 671 1000 desideratis,
703 952 968 991 circumibam
1006 954 1173 1002 agellos,
1204 955 1421 994 audiebam
1455 958 1631 996 multum
1663 969 1698 997 10

304 1020 551 1059 rusticarum
572 1022 861 1071 querellarum,
884 1023 1064 1062 rationes
1085 1024 1271 1073 legebam
1293 1025 1448 1065 invitus
1479 1031 1519 1065 et
1548 1041 1633 1066 cur-

304 1090 381 1128 sim
403 1090 514 1140 (aliis
535 1091 645 1129 enim
665 1092 832 1139 chartis,
854 1093 947 1131 aliis
970 1106 1059 1132 sum
1080 1094 1233 1133 litteris
1255 1095 1477 1149 initiatus),
1495 1110 1633 1148 coepe-

303 1172 389 1198 ram
406 1160 530 1198 etiam
548 1161 687 1199 itineri
695 1171 768 1200 'me
785 1175 1039 1212 praeparare.
1098 1164 1208 1202 Nam
1223 1164 1411 1203 includor
1428 1168 1630 1215 angustiis

302 1234 565 1278 commeatus,
588 1236 714 1281 eoque
731 1231 822 1282 ipso
839 1233 947 1282 quod
965 1233 1196 1282 delegatum
1216 1234 1397 1273 Cornuto
1413 1236 1535 1274 audio
1551 1237 1631 1275 offi-

301 1300 409 1338 cium
429 1301 510 1338 mei
532 1302 761 1339 admoneor.
821 1303 951 1352 Cupio
971 1307 1011 1341 te
1033 1316 1193 1353 quoque
1223 1305 1297 1342 sub
1326 1305 1436 1343 idem
1465 1310 1629 1357 tempus
1660 1319 1694 1346 15

301 1370 529 1420 Campania
557 1374 629 1409 tua
658 1372 855 1419 remittat,
883 1385 934 1410 ne
964 1373 1069 1422 quis,
1091 1386 1180 1411 cum
1214 1374 1255 1411 in
1286 1375 1427 1413 urbem
1456 1377 1627 1425 rediero,

299 1440 568 1479 contubernio
588 1428 730 1480 nostro
750 1442 837 1480 dies
860 1447 1011 1492 pereat.
1070 1443 1184 1481 Vale.

837 1602 904 1641 60.
942 1601 1095 1653 (XVI.)

560 1713 597 1745 C.
630 1712 823 1745 PLINIUS
855 1713 1171 1746 MARCELLINO
1205 1715 1293 1747 SUO
1325 1716 1359 1748 S.

548 1819 622 1852 Sad
638 1821 737 1852 death
759 1821 800 1860 of
811 1821 1044 1852 Fundanus's
1063 1830 1180 1861 young]
1198 1822 1381 1862 daughter.

350 1925 632 1964 Tristissimus
661 1926 761 1964 haee
785 1926 862 1964 tibi
894 1926 1037 1972 scribo,
1060 1926 1251 1964 Fundani
1281 1928 1411 1965 nostri
1441 1928 1529 1967 filia
1557 1930 1626 1967 mi-

296 2007 393 2033 nore
419 1995 627 2043 defuncta,
650 2008 732 2045 qua
760 1995 899 2045 puella
930 1995 1035 2032 nihil
1067 2009 1261 2045 umquam
1292 1997 1497 2041 festivius,
1521 2011 1625 2037 ama-

297 2064 433 2113 bilius,
461 2077 534 2103 nec
566 2065 687 2102 modo
717 2065 898 2114 longiore
934 2065 1019 2102 vita
1051 2066 1121 2103 sed
1157 2078 1281 2115 prope
1314 2066 1623 2106 immortalitate
1652 2081 1690 2109 20

250 2140 268 2168 2
296 2134 462 2183 dignius
484 2134 580 2172 vidi.
638 2135 834 2172 Nondum
857 2147 985 2172 annos
1008 2135 1335 2183 quattuordecim
1366 2137 1622 2186 impleverat,

295 2207 337 2240 et
366 2204 448 2241 iam
476 2204 539 2241 illi
570 2204 693 2242 anilis
723 2204 954 2253 prudentia,
978 2204 1218 2242 matronalis
1250 2205 1431 2252 gravitas
1462 2211 1560 2254 erat,
1583 2213 1624 2245 et

249 2279 268 2307 3
295 2277 433 2310 tamen
455 2274 639 2311 suavitas
669 2273 868 2323 puellaris
899 2285 989 2311 cum
1019 2273 1214 2322 virginali
1246 2275 1502 2323 verecundia.
1564 2278 1624 2315 Ut.

297 2342 370 2380 illa
390 2343 520 2392 patris
541 2343 768 2381 cervicibus
791 2343 1052 2380 inhaerebat!
1084 2348 1129 2380 ut
1150 2356 1223 2381 nos
1248 2344 1398 2383 amicos
1429 2350 1622 2394 paternos

295 2416 336 2449 et
365 2418 549 2450 amanter
579 2417 619 2450 et
649 2413 831 2450 modeste
861 2412 1229 2462 complectebatur!
1270 2417 1315 2450 ut
1352 2414 1545 2456 nutrices,
1577 2420 1622 2452 ut
1651 2431 1687 2458 271

296 2482 564 2532 paedagogos,
586 2487 632 2520 ut
652 2486 936 2532 praeceptores
959 2494 1031 2531 pro
1053 2494 1125 2520 suo
1150 2493 1354 2532 quemque
1381 2483 1511 2521 officio
1533 2483 1623 2522 dili-
