1875 2812
650 192 996 224 EPISTULARUM
1029 191 1111 223 vn.
1138 192 1191 222 19.
1529 182 1582 222 95

259 322 348 347 rum
370 321 489 347 curae
509 308 801 357 custodiaeque
822 306 1082 344 mandantur.
1139 305 1227 350 Quo
1244 315 1410 341 munere
1426 303 1585 341 Fannia

215 392 234 420 3
259 380 357 417 dum
379 378 522 417 sedulo
542 378 742 426 fungitur,
764 377 840 414 hoc
865 375 1102 413 discrimine
1132 373 1323 424 inplicita
1350 377 1424 411 est.
1482 372 1586 410 Insi-

261 449 360 486 dent
380 448 529 495 febres,
546 447 674 485 tussis
695 445 899 493 increscit,
918 457 1077 483 summa
1097 443 1259 491 macies,
1278 455 1436 480 summa
1455 442 1586 479 defec-

260 519 340 556 tio:
381 518 542 556 animus
571 520 733 554 tantum
772 519 813 553 et
851 515 1022 564 spiritus
1054 514 1165 561 viget
1198 512 1396 550 Helvidio
1424 511 1584 559 marito,

262 588 443 626 Thrasea
465 591 581 637 patre
606 585 896 634 dignissi1nus;
929 584 1088 633 reliqua
1108 583 1302 621 labuntur
1330 593 1475 631 meque
1504 593 1585 618 non
1612 588 1630 615 5

216 667 235 694 4
262 662 374 695 metu
393 661 554 695 tantum
576 668 717 693 verum
738 655 863 692 etiam
885 653 1021 691 dolore
1043 652 1274 690 conficiunt.
1333 651 1461 688 Doleo
1477 650 1585 687 enim

262 727 459 764 feminam
482 725 702 763 maximam
724 724 828 774 eripi
849 723 976 761 oculis
997 722 1192 769 civitatis,
1209 720 1346 758 nescio
1362 733 1413 758 an
1429 719 1587 769 aliquid

265 797 399 835 simile
420 795 582 834 visuris.
640 795 752 839 Quae
768 793 937 831 castitas
954 792 1038 834 illi!
1067 803 1170 841 quae
1187 790 1406 828 sanctitas!
1433 792 1589 838 quanta

264 866 469 915 gravitas!
500 868 654 915 quanta
673 863 927 901 constantia!
985 861 1058 899 Bis
1087 861 1280 898 maritum
1305 863 1444 897 secuta
1463 859 1506 896 in
1525 871 1588 896 ex-

220 948 238 976 5
266 936 405 974 silium
434 939 508 982 est,
530 934 653 972 tertio
683 933 773 983 ipsa
805 935 973 982 propter
1003 930 1197 968 maritum
1231 929 1422 977 relegata.
1480 928 1588 966 Nam
1616 936 1653 964 10

264 1018 357 1043 cum
379 1004 547 1043 Senecio
577 1015 668 1041 reus
698 1006 817 1048 esset,
839 1001 949 1050 quod
969 1000 1017 1037 de
1040 1000 1126 1037 vita
1146 998 1318 1036 Helvidi
1342 998 1467 1035 libros
1487 1009 1591 1035 com-

266 1075 483 1125 posuisset,
505 1077 772 1121 rogatumque
794 1083 836 1109 se
857 1083 879 1108 a
900 1070 1060 1107 Fannia
1079 1069 1121 1106 in
1142 1068 1380 1106 defensione
1402 1067 1588 1114 dixisset,

267 1147 488 1195 quaerente
526 1142 741 1180 minaciter
776 1140 904 1178 Metio
934 1139 1038 1177 Caro
1078 1150 1129 1176 an
1167 1141 1351 1186 rogasset
1379 1136 1591 1186 respondit

268 1213 457 1263 ‘1·0gavi,⁷
487 1225 541 1250 an
571 1210 884 1249 commentarios
915 1209 1118 1257 scripturo
1148 1206 1341 1253 dedisset,
1369 1206 1510 1253 ‘dedi,⁷
1539 1218 1591 1243 an

268 1284 422 1322 sciente
451 1286 593 1329 matre,
627 1279 902 1327 ‘nesciente’3
943 1282 1149 1327 postremo
1179 1276 1334 1314 nullam
1366 1287 1504 1313 vocem
1533 1288 1592 1312 ce·
1619 1286 1654 1314 15

223 1367 242 1395 6
268 1354 433 1392 dentem
470 1351 653 1402 periculo
691 1349 840 1387 emisit.
898 1348 1006 1393 Quin
1036 1347 1159 1384 etiam
1189 1346 1282 1383 illos
1311 1346 1421 1395 ipsos
1452 1345 1589 1391 libros,

269 1434 515 1473 quamquam
553 1433 602 1458 ex
640 1419 885 1457 necessitate
923 1421 964 1454 et
1002 1420 1113 1454 metu
1150 1419 1378 1464 temporum
1417 1414 1591 1452 abolitos

270 1496 434 1531 senatus
464 1490 662 1536 consulto,
692 1488 915 1538 publicatis
943 1486 1062 1524 bonis
1093 1485 1273 1523 servavit
1302 1484 1459 1531 habuit,
1481 1483 1593 1521 tulit-

225 1577 241 1606 7
269 1574 348 1611 que
378 1561 421 1598 in
452 1559 644 1598 exsilium
669 1557 806 1596 exsilii
835 1569 1009 1594 causam.
1067 1555 1222 1592 Eadem
1252 1566 1373 1603 quam
1402 1553 1590 1600 iucunda,

270 1644 391 1681 quam
414 1629 552 1677 comis,
574 1641 692 1678 quam
725 1627 915 1675 denique,
937 1625 1045 1675 quod
1075 1624 1215 1673 paucis
1245 1623 1386 1660 datum
1416 1626 1490 1669 est,
1510 1634 1591 1659 non
1619 1635 1657 1662 20

270 1701 406 1738 minus
444 1698 633 1737 amabilis
663 1709 783 1746 quam
814 1695 1068 1732 veneranda!
1126 1693 1269 1730 Eritne
1301 1704 1422 1740 quam
1452 1695 1594 1741 postea

271 1770 466 1807 uxoribus
506 1767 656 1805 nostris
695 1769 899 1804 ostentare
938 1763 1175 1813 possimus?
1225 1762 1303 1798 erit
1341 1774 1364 1798 a
1402 1773 1482 1810 qua
1514 1760 1593 1797 viri

272 1851 432 1889 quoque
471 1835 731 1874 fortitudinis
771 1833 958 1883 exempla
991 1844 1200 1870 sumamus
1215 1834 1234 1867 ἰ’
1274 1843 1395 1879 quam
1428 1830 1484 1867 sic
1516 1842 1595 1867 cer-

272 1913 416 1946 nentes
448 1906 743 1954 audientesque
777 1903 972 1940 miremur
1010 1906 1055 1939 ut
1092 1901 1186 1938 illas
1225 1912 1328 1949 qum]
1366 1899 1558 1947 leguntur
1573 1901 1592 1935 ἓ)

227 1991 245 2017 s
274 1978 333 2015 Ac
354 1977 455 2014 mihi
477 1976 620 2013 domus
642 1975 732 2024 ipsa
752 1977 895 2010 nutare
921 1971 1196 2019 convulsaque
1227 1969 1390 2006 sedibus
1413 1968 1496 2006 suis
1518 1968 1595 2004 rui·
1621 1979 1658 2007 ‘25

273 2051 366 2085 tura
387 2058 510 2095 supra
530 2045 704 2089 videtur,
726 2043 823 2080 licet
843 2041 976 2079 adhuc
999 2043 1181 2089 posteros
1204 2038 1362 2075 habeat.
1420 2037 1593 2082 Quantis

274 2116 383 2153 enim
421 2114 645 2152 virtutibus
685 2111 931 2162 quantisque
966 2109 1088 2147 sactis
1118 2108 1393 2156 adsequentur
1422 2110 1467 2143 ut
1496 2107 1594 2143 hacc

191 2228 194 2232 ,
229 2202 248 2227 ¹.»
275 2169 355 2223 nori
376 2184 602 2222 novissima
621 2182 815 2220 occiderit
828 2184 847 2217 ἰ’
905 2181 973 2216 Me
1003 2179 1167 2228 quidem
1198 2177 1301 2214 illud
1332 2176 1454 2213 etiam
1484 2175 1596 2213 adfli-

276 2256 336 2303 git
369 2261 409 2291 et
442 2256 606 2302 torquet
640 2251 748 2301 quod
782 2254 950 2287 matrem
993 2248 1092 2294 vius,
1124 2246 1238 2284 illam
1270 2245 1390 2288 (nihil
1430 2257 1592 2294 possum

277 2323 493 2362 inlustrius
523 2322 675 2372 dicere)
698 2324 835 2358 tantae
866 2318 1044 2355 feminae
1075 2320 1257 2357 matrem,
1290 2328 1426 2351 rursus
1456 2314 1597 2351 videor
1625 2325 1660 2349 :30

278 2394 478 2440 amittere,
501 2404 622 2441 quam
643 2390 754 2437 haec,
777 2393 821 2426 ut
843 2387 977 2425 reddit
998 2399 1042 2424 ac
1064 2386 1190 2423 refert
1211 2384 1338 2431 nobis,
1362 2384 1418 2422 sic
1439 2384 1598 2421 auferet

280 2476 416 2502 secum
445 2474 590 2511 meque
610 2464 650 2498 et
670 2472 774 2498 novo
801 2458 954 2508 pariter
975 2460 1015 2493 et
1035 2455 1204 2493 rescisso
1225 2454 1392 2491 vulnere
1422 2453 1596 2491 adficiet.
