1859 2828
218 1308 255 1338 10

221 1659 257 1688 15

276 186 331 226 24
845 189 886 222 0.
912 188 1046 220 PLINI
1104 156 1106 159 Ι

277 308 444 359 piscem,
466 307 577 345 feras
608 305 738 344 silvae
768 304 918 355 quibus
948 303 1065 341 lacus
1090 301 1284 351 cingitur,
1307 301 1447 340 studia
1466 300 1616 340 altissi-

277 392 367 417 mus
405 378 485 416 iste
523 389 707 415 secessus
746 374 921 413 adfatim
953 358 1189 422 suggerunt.
1251 372 1331 410 Sed
1362 372 1449 411 sive
1479 371 1618 410 onmia

277 449 401 488 simul
437 448 522 486 sive
557 446 718 496 aliquid
749 445 867 493 facis,
896 457 978 482 non
1013 456 1181 494 possum
1213 443 1348 481 dicere
1380 442 1613 480 ‘invideo'z

277 532 404 568 angor
438 522 577 556 tamen
606 529 689 554 non
718 519 760 554 et
789 514 893 552 mihi
923 514 1046 552 licere
1076 526 1180 564 quae
1211 513 1268 552 sic
1297 512 1542 563 concupisco
1570 515 1618 550 ut

278 589 389 639 aegri
410 589 566 636 vinum,
584 587 760 634 balinea,
777 586 926 623 fontes.
975 585 1270 634 Numquamne
1290 583 1365 621 hos
1386 582 1618 623 artissimos

278 660 459 710 laqueos,
500 658 534 696 31
580 657 739 696 solvere
786 659 972 705 negatur,
1012 654 1289 704 abrumpam?
1364 653 1616 702 Numquam,

278 733 388 780 puto.
464 729 575 767 Nam
613 727 822 765 veteribus
869 725 1047 775 negotiis
1094 736 1202 762 nova
1248 723 1504 771 adcrescunt,
1544 734 1619 760 nec

278 805 418 839 tamen
447 799 586 850 priora
613 800 888 848 peraguntur:
928 799 992 834 tot
1020 794 1207 841 nexibus,
1228 797 1291 832 tot
1311 793 1431 843 quasi
1459 792 1619 831 catenis

279 870 412 909 maius
433 870 477 908 in
498 869 587 908 dies
608 867 926 918 occupationum
947 877 1095 915 agmen
1114 864 1365 903 extenditur.
1424 862 1539 902 Vale.

838 1018 906 1057 22.
946 1016 1061 1068 (ix.)

560 1127 600 1160 C.
634 1125 824 1159 PLINIUS
856 1122 1155 1156 APOLLINARI
1186 1121 1274 1154 SUO
1307 1121 1340 1153 S.

501 1208 572 1240 The
590 1207 785 1245 candidacy
803 1205 846 1245 of
857 1204 1014 1235 Erucius
1023 1202 1087 1243 sor
1103 1202 1159 1233 the
1177 1200 1408 1239 tribuneship.

335 1297 520 1336 Anxium
542 1309 606 1334 nie
628 1299 669 1333 et
689 1293 921 1344 inquietum
943 1291 1069 1329 habet
1090 1289 1237 1340 petitio
1255 1287 1371 1326 Sexti
1387 1286 1513 1325 Eruci
1530 1285 1621 1324 inei.

283 1369 469 1407 Adficior
482 1379 580 1405 cura
595 1369 636 1404 et
653 1377 774 1415 quain
792 1376 866 1414 pro
883 1374 946 1400 nie
963 1359 1289 1399 sollicitudinem
1306 1371 1388 1396 non
1405 1357 1488 1396 adii
1506 1357 1624 1407 quasi

284 1452 358 1490 pro
379 1452 442 1476 me
465 1438 595 1476 altero
616 1435 773 1486 patior;
804 1437 846 1472 et
867 1431 1023 1481 alioqui
1053 1443 1167 1468 meus
1197 1429 1341 1479 pudor,
1366 1440 1459 1466 mea
1487 1427 1626 1466 existi-

285 1510 424 1557 matio,
446 1521 539 1546 inea
558 1506 742 1555 dignitas
772 1505 814 1542 in
845 1502 1070 1541 discrimen
1094 1499 1323 1538 adducitur.
1382 1499 1470 1548 Ego
1501 1498 1625 1536 Sexto

285 1581 415 1619 latum
437 1579 600 1617 clavum
622 1577 832 1615 aCaesare
854 1576 1008 1620 nostro,
1023 1584 1097 1620 ego
1119 1574 1383 1621 quaesturam
1404 1568 1624 1618 inpetravi,

286 1663 376 1688 ineo
398 1648 595 1697 suffragio
617 1633 806 1697 pervenit
836 1644 888 1682 ad
917 1643 980 1681 ius
1010 1641 1268 1680 tribunatum
1299 1638 1477 1689 petendi,
1504 1651 1625 1688 quem

286 1720 368 1759 11131
408 1720 568 1758 obtinet
607 1718 651 1755 in
690 1719 848 1757 senatu,
889 1725 1032 1751 vereor
1069 1723 1119 1749 ne
1158 1709 1369 1760 decepisse
1409 1709 1626 1748 Caesarem

287 1792 441 1829 videar.
508 1787 687 1827 Proinde
728 1784 1002 1824 adnitendum
1042 1786 1104 1820 est
1142 1781 1246 1818 mihi
1283 1783 1330 1818 ut
1367 1779 1492 1817 taleni
1533 1791 1626 1816 euin

289 1861 474 1899 iudicent
521 1870 674 1905 onines,
715 1855 878 1906 qualem
919 1865 1006 1892 esse
1046 1852 1238 1902 princeps
1286 1849 1389 1887 mihi
1437 1849 1624 1887 credidit.

288 1933 401 1977 Quae
439 1942 563 1968 causa
601 1929 635 1967 si
675 1927 859 1966 studium
899 1936 1035 1961 ineuin
1074 1935 1156 1960 non
1194 1920 1399 1968 incitaret,
1439 1919 1627 1957 adiutum

1644 384 1662 412 2

1653 1504 1672 1532 [Ο

290 2006 427 2039 tamen
449 2011 639 2050 cuperem
668 1998 859 2035 iuvenem
890 1993 1194 2044 probissimum,
1218 1990 1520 2039 gravissimum,
1543 2002 1630 2026 0111-
1667 2020 1673 2024 .

290 2071 558 2117 ditissimum,
580 2068 691 2106 0111111
714 2066 890 2116 denique
921 2064 1043 2101 laude
1074 2061 1377 2110 dignissimum,
1399 2063 1440 2097 et
1460 2059 1627 2108 quidem

291 2155 381 2179 cuin
404 2145 492 2178 tota
513 2141 644 2177 domo.
703 2138 812 2175 Nam
844 2139 960 2185 pater
990 2133 1027 2171 ei
1057 2132 1232 2169 Erucius
1255 2130 1412 2177 Clarus,
1434 2129 1498 2166 vir
1519 2142 1629 2167 sanc-

291 2216 371 2258 tus,
393 2209 568 2256 anticus,
590 2207 784 2253 disertus,
806 2208 930 2254 atque
952 2203 995 2240 111
1015 2202 1187 2252 agendis
1209 2201 1344 2239 causis
1363 2199 1627 2247 exercitatus,

292 2294 394 2330 quas
417 2291 576 2316 sumina
600 2277 692 2323 fide,
715 2274 805 2325 pari
832 2270 1077 2318 constantia,
1100 2282 1173 2307 nec
1196 2269 1444 2307 verecundia
1473 2269 1628 2306 11111101(Δ

247 2358 261 2384 Γ
294 2349 493 2387 defendit.
577 2347 712 2384 lluhet
751 2343 997 2383 avunculum
1040 2342 1081 2380 O.
1125 2340 1365 2390 Septicium,
1405 2352 1485 2389 quo
1524 2339 1628 2376 nihil

297 2420 443 2463 verius,
480 2418 583 2455 nihil
626 2415 869 2465 simplicius,
906 2412 1011 2449 nihil
1051 2410 1280 2456 candidius,
1320 2409 1424 2446 nihi]
1465 2409 1629 2446 fidelius

295 2490 402 2528 novi.
462 2493 613 2527 Oinncs
649 2499 712 2524 nie
746 2484 936 2522 certatim
971 2486 1012 2520 et
1046 2485 1185 2519 tamen
1220 2479 1447 2529 aequaliter
1477 2483 1629 2526 amant,

1658 2488 1677 2515 5
