1859 2828
180 964 215 992 10

238 195 290 235 18
812 198 849 230 e.
880 197 1012 230 PLINI

238 319 403 355 inanem
442 317 629 355 umbram
660 318 701 352 et
732 314 820 352 sine
855 313 1009 351 honore
1044 315 1195 351 'nomen
1235 325 1288 351 an
1325 315 1577 363 potestatem

239 391 542 426 sacrosanctam
564 390 605 423 et
626 398 749 435 quam
778 384 829 421 111”
849 383 1035 421 ordinem
1063 383 1151 431 cogi
1177 386 1224 421 ut
1248 397 1272 422 a
1300 382 1417 420 nullo
1443 383 1504 420 ita
1527 394 1578 420 ne

239 472 262 496 a
283 470 324 496 se
346 458 513 507 quidem
536 457 690 494 deceat.
741 455 838 504 Ipse
860 466 951 491 011111
973 453 1166 491 tribunus
1189 466 1333 501 essem,
1356 453 1577 491 erraverim

239 529 416 566 fortasse
438 527 509 577 qui
539 539 604 564 me
635 525 796 575 aliquid
823 524 980 574 putavi,
1003 524 1076 562 sed
1106 527 1317 573 tamquam
1349 537 1493 571 essem,
1515 523 1580 561 ab·

241 598 371 637 stinui
393 597 527 636 causis
549 595 742 645 agendis:
774 594 968 644 primum,
991 595 1101 643 quod
1123 594 1308 631 deforme
1336 594 1579 641 arbitrabar,

241 669 307 707 0111
328 669 560 716 adsurgere,
583 666 647 704 0111
669 666 758 703 1000
782 665 926 703 cedere
956 664 1089 702 omnis
1120 667 1340 714 oporteret,
1362 648 1472 702 huno
1502 677 1582 701 om-

242 740 363 777 nibus
386 738 625 779 sedentibus
649 740 781 784 stare3
813 739 853 773 et
875 735 946 785 qui
971 735 1111 773 iubere
1132 738 1272 784 posset
1292 731 1428 772 tacere.
1446 746 1582 784 quem-

242 823 429 861 cumque,
445 809 540 847 huie
558 807 769 846 silentium
787 806 1008 856 clepsydra
1023 805 1153 843 indici
1167 821 1175 854 3
1198 809 1239 843 et
1253 817 1373 855 quem
1389 804 1582 842 interfari

242 883 362 920 nefas
384 885 504 929 esset,
527 881 635 918 1111110
657 880 782 918 etiam
811 878 999 916 convicia
1024 876 1179 923 audire,
1201 879 1242 913 et
1263 875 1298 914 51
1319 875 1454 913 inulta
1473 878 1584 925 pate-

244 957 369 995 retur,
400 952 587 998 inertem,
620 951 654 988 51
685 950 966 996 ulcisceretur,
998 947 1245 985 insolentem
1277 945 1421 984 videri.
1480 946 1585 983 Erat

244 1024 311 1061 hie
333 1035 494 1073 quoque
516 1026 654 1060 aestus
676 1024 772 1058 ante
795 1019 946 1066 0011105,
969 1018 1004 1056 51
1026 1018 1135 1055 forte
1157 1029 1221 1054 me
1242 1016 1497 1066 appellasset
1518 1015 1583 1053 vel

245 1094 315 1131 ille
347 1093 411 1131 oui
444 1093 631 1131 adessem
661 1091 727 1128 vel
763 1090 835 1127 ille
867 1101 988 1139 quem
1024 1091 1179 1134 eontra,
1216 1087 1514 1125 intercederem
1545 1089 1586 1123 et

246 1164 449 1202 auxilium
480 1163 644 1206 ferrem,
667 1174 719 1199 an
741 1160 995 1210 quiescerem
1027 1158 1274 1207 sileremque
1299 1160 1340 1195 et
1360 1156 1479 1206 quasi
1506 1156 1587 1194 eiu-

247 1239 335 1272 rato
356 1233 603 1282 magistratu
624 1232 833 1282 privatum
854 1230 943 1280 ipse
973 1242 1038 1266 me
1068 1229 1259 1266 facerem.
1319 1227 1400 1265 His
1422 1226 1587 1264 rationi-

247 1306 323 1343 bus
353 1308 502 1352 motus,
524 1303 653 1341 malui
680 1315 744 1339 1110
774 1301 987 1339 tribunum
1019 1299 1208 1337 omnibus
1239 1298 1432 1336 exhibere
1463 1310 1586 1347 quam

250 1375 390 1425 paucis
413 1375 669 1412 advooatum.
732 1372 812 1410 Sed
841 1375 899 1419 tu,
922 1371 1074 1408 iterum
1105 1369 1252 1416 dioam,
1274 1368 1500 1418 plurimum
1530 1368 1588 1404 in-

248 1450 378 1484 terest
407 1445 508 1495 quid
537 1456 625 1482 esse
656 1443 914 1480 tribunatum
946 1444 1079 1490 putes,
1111 1453 1233 1490 quam
1262 1451 1480 1489 personam
1511 1438 1587 1476 tibi

250 1516 436 1566 inponas,
459 1527 564 1565 quae
585 1513 765 1564 sapienti
786 1512 876 1550 viro
899 1512 959 1549 ita
985 1510 1169 1561 aptanda
1189 1513 1253 1548 est
1273 1513 1320 1547 ut
1340 1509 1585 1559 perferatur.

249 1586 362 1625 vale.

765 1704 833 1743 17.
875 1701 1071 1753 (XXIV.)

463 1811 501 1844 C.
539 1810 731 1843 PLINIUS
763 1808 943 1840 BAEBIO
977 1807 1186 1839 HISPANO
1219 1806 1307 1839 SUO
1341 1806 1374 1838 S.

528 1909 721 1942 Suetonius
745 1908 868 1939 wishes
894 1912 927 1939 to
954 1907 1021 1945 bug]
1046 1916 1067 1938 α
1093 1907 1181 1938 little
1199 1906 1311 1946 sarm.

306 2007 588 2057 Tranquillus,
619 2004 927 2044 contubernalis
957 2016 1084 2051 meus,
1116 2002 1207 2040 vult
1236 2014 1369 2039 emere
1408 2000 1587 2049 agellum

253 2092 373 2128 quem
396 2077 611 2115 venditare
634 2077 789 2114 amicus
810 2079 906 2113 tuus
930 2074 1092 2112 dicitur.
1153 2073 1268 2121 Rogo
1298 2084 1415 2110 cures
1443 2070 1588 2121 quanti

255 2162 395 2186 aecum
435 2152 497 2185 est
536 2150 669 2185 emat:
724 2146 784 2184 ita
834 2145 943 2183 enim
983 2143 1208 2182 delectabit
1247 2142 1405 2180 emisse.
1478 2142 1586 2178 Nam

254 2219 362 2256 mala
400 2218 554 2268 emptio
594 2229 754 2266 semper
787 2216 961 2264 ingrata,
993 2227 1039 2251 eo
1078 2213 1268 2261 maxime,
1301 2212 1409 2262 quod
1448 2224 1590 2261 expro-

255 2290 370 2327 brare
402 2288 623 2326 stultitiam
655 2286 822 2325 domino
854 2286 1027 2323 videtur.
1088 2284 1138 2320 In
1167 2283 1243 2321 1100
1274 2286 1411 2320 autem
1442 2281 1587 2329 agello,
1616 2309 1621 2317 .

210 2379 223 2392 r
255 2360 288 2397 51
328 2359 448 2396 modo
487 2357 680 2395 adriserit
719 2356 911 2406 pretium,
943 2353 1177 2404 Tranquilli
1212 2352 1291 2390 mei
1331 2351 1588 2390 stomachum

255 2429 386 2466 mulla
417 2428 655 2471 sollicitant,
688 2426 880 2463 vicinitus
911 2425 1036 2469 urbis,
1059 2423 1347 2474 opportunitas
1379 2422 1479 2465 viae,
1511 2434 1589 2458 me—

255 2499 450 2537 diocritas
491 2498 626 2546 villae,
663 2497 808 2534 modus
848 2496 966 2543 ruris,
1002 2495 1074 2545 qui
1113 2496 1256 2532 avocet
1296 2492 1426 2542 magis
1465 2504 1588 2542 quam

1607 456 1625 484 [ὓ

1613 950 1631 978 3

1615 1375 1633 1402 01

1617 2078 1634 2105 [ὑ
