1875 2812
201 395 221 423 4

212 1933 230 1960 [Ο

650 198 997 232 EPISTULARUM
1029 197 1092 229 ix.
1121 197 1173 229 39.
1492 187 1576 228 119

247 323 310 357 ter
330 323 468 356 tamen
499 320 540 354 et
568 315 643 353 illa
671 314 870 351 firmatur.
929 313 1087 350 Iterum
1108 310 1284 358 ambulo,
1305 322 1447 358 ungor,
1469 321 1577 347 exer-

249 401 351 437 ceor,
373 387 499 425 lavor.
557 384 731 426 Cenanti
761 383 876 431 mihi,
900 382 933 421 si
955 395 1047 420 cum
1067 393 1192 419 uxore
1212 380 1278 417 vel
1298 379 1452 430 paucis,
1474 379 1577 417 liber

248 458 420 507 legitur:
460 460 555 507 post
592 467 735 493 cenam
774 453 989 491 comoedus
1021 455 1093 489 aut
1122 451 1312 500 lyristes:
1353 462 1447 486 mox
1484 462 1576 486 011111

249 528 351 566 meis
373 526 548 574 ambulo,
571 537 744 574 quorum
766 524 808 561 in
830 535 1000 560 numero
1021 525 1118 559 sunt
1142 519 1304 558 eruditi.
1364 519 1431 556 Ita
1450 518 1576 556 variis

251 597 506 647 sermonibus
526 607 700 645 vespera
719 593 969 639 extenditur,
987 596 1027 629 et
1043 602 1291 640 quamquam
1311 588 1576 637 longissimus

251 668 338 706 dies
359 667 442 705 cito
461 665 663 704 conditur.
720 664 816 701 Non
846 674 1069 711 numquam
1093 673 1143 698 ex
1163 660 1238 697 hoc
1269 659 1410 696 ordine
1441 658 1579 707 aliqua

250 741 475 775 mutantur.
532 736 642 773 Nam
665 734 700 772 si
721 733 793 771 diu
813 732 919 770 iacui
941 731 1005 769 vel
1027 729 1246 777 ambulavi,
1269 732 1362 779 post
1392 740 1578 766 somnum

251 808 416 845 demum
455 805 755 853 lectionemque
793 815 874 840 11011
903 801 1094 841 vehiculo
1133 800 1215 847 sed,
1255 799 1364 848 quod
1401 798 1577 845 brevius,

252 877 350 927 quia
367 875 562 923 velocius,
584 886 689 923 equo
709 876 855 922 gestor.
914 870 1204 908 Interveniunt
1234 868 1354 906 amici
1378 880 1429 905 ex
1449 867 1580 917 proxi-

252 947 331 984 mis
358 945 522 996 oppidis
552 948 794 994 partemque
824 941 907 979 diei
937 941 989 978 ad
1020 952 1061 977 se
1090 939 1261 977 trahunt
1291 937 1579 985 interdumque

253 1017 362 1055 lasso
382 1015 485 1053 mihi
506 1017 737 1064 opportuna
758 1010 1093 1060 interpellatione
1124 1008 1385 1047 subveniunt.
1443 1007 1580 1044 Venor

253 1086 488 1136 aliquando,
520 1084 591 1122 sed
620 1096 703 1121 non
733 1083 821 1120 sine
852 1080 1137 1131 pugillaribus,
1167 1083 1225 1125 ut,
1256 1077 1444 1127 quamvis
1473 1075 1579 1113 nihil

254 1156 443 1206 ceperim,
464 1167 546 1192 non
567 1153 673 1191 nihil
697 1153 885 1190 referam.
943 1151 1076 1188 Datur
1097 1153 1138 1186 et
1161 1147 1327 1194 colonis,
1350 1150 1396 1184 ut
1416 1146 1580 1183 videtur

253 1226 368 1276 ipsis,
390 1238 470 1263 non
493 1224 594 1262 satis
615 1222 824 1272 temporis,
847 1233 1020 1271 quorum
1044 1219 1147 1256 mihi
1172 1221 1353 1266 agrestes
1375 1215 1580 1265 querellae

254 1296 416 1335 litteras
436 1298 598 1333 nostras
620 1297 661 1331 et
680 1293 780 1331 haec
800 1292 957 1329 urbana
976 1302 1099 1340 opera
1119 1286 1417 1326 commendant.
1466 1285 1578 1324 Vale.

731 1461 830 1500 100.
866 1457 1106 1509 (XXXIX.)

585 1574 624 1606 C.
659 1572 850 1605 PLINIUS
883 1570 1063 1603 MUSTIO
1096 1568 1184 1602 SUO
1217 1568 1250 1600 S.

672 1678 901 1709 Restoracz‘on
927 1677 968 1715 os
987 1685 1007 1707 (ι
1033 1675 1167 1714 temple.

311 1782 591 1832 Haruspicum
612 1781 772 1818 monitu
798 1779 1019 1816 reficienda
1048 1781 1110 1815 est
1140 1776 1243 1813 mihi
1272 1774 1391 1812 aedes
1422 1772 1582 1812 Cereris

258 1854 300 1891 in
322 1853 500 1903 praediis
521 1852 564 1889 in
584 1851 731 1889 melius
754 1854 794 1888 et
814 1849 857 1886 in
884 1850 1028 1896 maius,
1050 1851 1169 1884 vetus
1201 1858 1296 1884 sane
1327 1849 1366 1882 et
1396 1846 1580 1891 angusta,

258 1935 348 1960 cum
385 1922 438 1960 sit
473 1921 627 1970 alioqui
659 1924 767 1958 stato
797 1919 863 1956 die
895 1916 1242 1966 frequentissima.
1299 1915 1407 1952 Nam
1438 1913 1582 1950 Idibus

259 1992 568 2041 Septembribus
590 2002 762 2039 magnus
783 2001 803 2026 e
825 1988 988 2036 regione
1009 1991 1096 2024 tota
1116 1985 1197 2023 coit
1218 1984 1405 2034 populus,
1429 1982 1582 2019 multae

259 2075 321 2100 res
353 2065 543 2111 aguntur,
574 2060 706 2097 multa
735 2063 830 2096 vota
860 2057 1151 2106 suscipiuntur,
1182 2054 1313 2091 multa
1342 2053 1580 2097 redduntur,

260 2132 330 2169 sed
359 2131 520 2168 nullum
551 2131 593 2167 in
623 2129 809 2179 proximo
844 2127 1067 2175 suffugium
1098 2129 1168 2169 aut
1198 2123 1339 2161 imbris
1370 2126 1441 2160 aut
1471 2121 1579 2159 solis.

258 2201 412 2240 Videor
450 2213 545 2249 ergo
589 2198 780 2236 munifice
829 2197 951 2235 simul
1000 2195 1269 2243 religioseque
1308 2193 1507 2233 facturus,
1548 2190 1582 2226 si

259 2271 398 2308 aedem
425 2282 544 2319 quam
574 2267 891 2318 pulcherrimam
913 2269 1164 2310 exstruxero,
1187 2262 1382 2300 addidero
1402 2259 1582 2309 porticus

259 2340 362 2388 aedi,
385 2340 499 2377 illam
521 2340 572 2376 ad
592 2351 709 2376 usum
733 2338 843 2380 deae,
867 2337 940 2373 has
962 2335 1013 2373 ad
1040 2333 1263 2371 11011111111111.
1321 2330 1457 2368 Velim
1489 2341 1583 2375 ergo

259 2422 369 2447 ernas
391 2413 584 2458 quattuor
614 2420 860 2445 marmoreas
891 2405 1111 2448 columnas,
1134 2402 1248 2439 cuius
1279 2400 1352 2437 tibi
1375 2398 1583 2436 videbitur

259 2479 432 2527 generis,
463 2491 573 2515 emas
614 2489 825 2522 marmora,
857 2475 1004 2523 quibus
1045 2472 1188 2518 solum,
1219 2470 1367 2519 quibus
1407 2468 1583 2517 parietes

1604 595 1622 623 ἠ’-71

1608 942 1644 971 10

1610 1293 1645 1320 15

1611 2062 1648 2089 20
