1859 2828
230 952 265 980 10

230 1306 266 1334 15

291 187 347 229 40
861 194 900 226 c.
928 193 1060 225 PLINI

291 310 418 359 nium,
440 310 684 349 incredibile
705 309 901 358 studium,
924 311 1084 348 summa
1102 308 1333 357 vigilantia.
1392 307 1628 345 Lucubrare

292 381 592 420 Vulcanalibus
631 380 869 430 incipiebat,
902 392 981 417 non
1018 379 1262 429 auspicandi
1292 391 1416 416 causa
1445 378 1517 416 sed
1548 381 1630 416 stu-

293 451 428 500 dendi,
451 451 595 490 statim
616 464 639 488 a
658 454 778 488 nocte
799 450 941 497 multa,
963 449 1098 487 hieme
1118 462 1215 487 vero
1237 449 1287 487 ab
1312 448 1415 486 hora
1438 448 1627 498 septima,

293 522 358 560 vel
375 535 467 560 cum
484 521 734 569 tardissime,
753 525 910 568 octava,
929 532 1052 570 saepe
1069 523 1197 558 sexta.
1256 520 1359 557 Erat
1380 531 1477 557 sane
1495 518 1630 556 somni

292 592 559 642 paratissimi,
577 604 660 629 non
679 604 908 640 numquam
929 591 1054 628 etiam
1076 590 1185 628 inter
1206 590 1298 640 ipsa
1318 589 1457 627 studia
1477 588 1631 627 instan-

292 663 347 701 tis
369 667 409 701 et
431 662 669 700 deserentis.
728 661 838 699 Ante
860 661 994 699 lucem
1015 661 1102 699 ibat
1118 661 1170 698 ad
1186 660 1490 710 Vespasianum
1507 659 1631 709 impe-

293 737 471 771 ratorem
507 732 620 783 (nam
657 731 730 769 ille
765 743 927 781 quoque
961 730 1150 769 noctibus
1189 730 1415 782 utebatur),
1451 729 1546 766 inde
1578 729 1631 766 ad

293 803 529 852 delegatum
550 802 629 841 sibi
651 801 838 839 officium.
898 802 1106 839 Reversus
1128 801 1306 849 domum,
1329 800 1439 849 quod
1460 799 1631 837 relicum

293 874 504 924 temporis,
528 873 678 911 studiis
699 872 910 910 reddebat.
970 872 1072 910 Post
1097 871 1233 909 cibum
1266 883 1399 921 saepe,
1422 883 1544 920 quem
1574 870 1632 907 in-

293 944 431 982 terdiu
451 944 585 981 levem
612 947 653 981 et
682 942 849 981 facilem
879 946 1067 980 veterum
1096 954 1207 979 more
1238 941 1438 989 sumebat,
1459 944 1629 988 aestate,

295 1015 330 1053 si
361 1015 462 1065 quid
493 1013 580 1061 otii,
612 1013 773 1052 iacebat
807 1012 850 1050 in
882 1012 979 1060 sole,
1012 1012 1117 1050 liber
1150 1012 1375 1060 legebatur,
1406 1011 1632 1049 adnotabat

295 1085 633 1135 excerpebatque.
692 1082 815 1120 Nihil
845 1082 953 1120 enim
986 1082 1088 1131 legit
1117 1082 1228 1132 quod
1257 1094 1339 1119 non
1369 1084 1629 1130 excerperet:

295 1156 431 1193 dicere
452 1155 577 1192 etiam
608 1153 766 1192 solebat
794 1153 958 1190 nullum
987 1165 1075 1190 esse
1106 1152 1256 1190 librum
1288 1156 1373 1190 tam
1403 1151 1558 1189 malum
1586 1154 1633 1188 ut

294 1239 377 1264 non
399 1225 540 1275 aliqua
567 1228 683 1274 parte
714 1223 940 1273 prodesset.
999 1224 1101 1261 Post
1131 1222 1261 1261 solem
1289 1222 1532 1272 plerumque
1562 1220 1633 1258 fri-

295 1296 391 1345 gida
411 1295 650 1333 lavabatur:
683 1293 831 1331 deinde
846 1293 1039 1342 gustabat
1060 1292 1371 1342 dormiebatque
1392 1291 1630 1329 minimum:

296 1380 390 1404 mox
406 1365 525 1416 quasi
547 1365 629 1403 alio
645 1365 711 1403 die
729 1364 923 1402 studebat
943 1364 986 1401 in
1000 1376 1123 1402 cenae
1139 1367 1314 1413 tempus.
1376 1363 1507 1412 Super
1527 1362 1633 1399 hanc

296 1438 400 1475 liber
421 1437 646 1484 legebatur,
669 1434 958 1481 adnotabatur,
979 1438 1021 1472 et
1042 1433 1209 1483 quidem
1235 1433 1398 1471 cursim.
1457 1431 1632 1469 Memini

296 1507 501 1557 quendam
531 1518 581 1543 ex
611 1504 767 1549 amicis,
790 1517 881 1542 cum
911 1504 1039 1541 lector
1069 1504 1271 1553 quaedam
1301 1515 1517 1553 perperam
1546 1514 1634 1551 pro-

297 1577 542 1623 nuntiasset,
565 1588 778 1613 revocasse
809 1578 850 1612 et
880 1574 1010 1624 repeti
1041 1573 1235 1623 coegisse,
1257 1573 1353 1610 huic
1383 1571 1632 1610 avunculum

296 1661 432 1685 meum
453 1646 609 1684 dixisse
632 1645 920 1682 ‘intellexeras
943 1656 1089 1694 nempe
1107 1644 1150 1681 ¹2²⁷
1180 1656 1272 1681 cum
1302 1643 1374 1680 ille
1404 1642 1631 1689 adnuisset,

297 1727 305 1740 ⁶
320 1731 391 1755 cur
412 1730 507 1766 ergo
524 1716 778 1753 revocabas?
811 1715 950 1752 decem
967 1714 1145 1764 amplius
1163 1727 1306 1751 versus
1327 1713 1403 1751 hac
1425 1716 1497 1750 tua
1511 1712 1633 1749 inter-

297 1788 522 1838 pellatione
544 1786 828 1837 perdidimus.⁷
887 1786 1021 1823 Tanta
1042 1788 1130 1822 erat
1151 1783 1404 1834 parsimonia
1420 1782 1630 1832 temporis.

299 1859 499 1905 siu-gebat
520 1861 677 1895 aestate
699 1869 722 1894 a
742 1868 844 1893 cena
863 1855 966 1898 luce,
988 1855 1122 1892 hieme
1152 1854 1262 1892 intra
1287 1854 1463 1904 primam
1487 1853 1631 1897 noctis,

297 1934 338 1967 vt
358 1934 569 1978 tamquam
591 1927 733 1976 aliqua
753 1926 841 1974 lege
869 1929 1050 1974 cogente.
1110 1925 1226 1962 Haec
1256 1924 1364 1962 inter
1394 1923 1550 1961 medios
1580 1923 1634 1960 la-

253 2011 265 2015 *
298 2001 415 2037 bores
436 1998 632 2047 urbisque
654 1996 878 2034 fremitum.
938 1996 989 2032 In
1011 2007 1174 2033 secessu
1195 1994 1327 2032 solum
1351 1993 1505 2031 balinei
1536 1996 1634 2030 tem-

300 2083 374 2119 pus
397 2068 548 2107 studiis
570 2067 850 2104 eximebatur:
881 2078 973 2103 cum
995 2065 1088 2103 dico
1109 2065 1275 2113 balinei,
1294 2065 1344 2101 de
1365 2063 1632 2101 interioribus

298 2141 464 2189 loquor,
497 2151 591 2176 nam
617 2138 712 2175 dum
743 2136 1018 2185 destringitur
1047 2136 1318 2185 tcrgiturque,
1341 2134 1534 2172 audiebat
1564 2133 1634 2171 ali—

298 2210 398 2260 quid
420 2213 491 2247 aut
510 2208 705 2246 dictabat.
766 2207 814 2244 111
838 2207 987 2243 itinere
1009 2206 1126 2256 quasi
1154 2205 1313 2243 solutus
1345 2204 1492 2242 ceteris
1523 2203 1632 2241 curis

297 2280 393 2318 huic
414 2279 486 2316 11111
505 2278 697 2316 vacabat:
730 2277 781 2314 ad
803 2277 911 2314 latus
934 2276 1120 2314 notarius
1142 2289 1233 2312 cum
1257 2275 1361 2312 libro
1392 2278 1432 2311 et
1462 2274 1635 2323 pugilla-

299 2351 423 2397 ribus,
457 2349 572 2386 vuius
608 2361 752 2385 manus
788 2347 922 2383 hieme
959 2346 1132 2383 manicis
1159 2332 1472 2385 ‘niuniebzmtuiu
1504 2348 1549 2381 ut
1582 2357 1632 2382 ne

298 2420 398 2458 caeli
431 2419 594 2469 quidem
631 2417 834 2467 asperitas
869 2416 996 2453 ullum
1038 2416 1188 2454 studiis
1228 2420 1390 2464 tempus
1429 2414 1631 2464 eriperet3

297 2504 379 2540 qua
417 2502 466 2527 ex
505 2501 629 2526 ‹xausa
666 2489 820 2524 Romae
852 2500 1014 2536 quoquc
1046 2486 1148 2524 sella
1178 2485 1415 2523 vehebatur.
1474 2485 1633 2533 Repeto

1660 877 1697 905 10

1662 1229 1697 1257 11

1664 1792 1699 1819 13

1663 1999 1699 2027 14

1664 2210 1697 2237 15

1664 2492 1698 2519 16
