1875 2812
651 183 995 218 EPISTULARUM
1030 182 1056 214 1.
1086 181 1136 214 19.
1498 167 1551 208 15

231 318 308 357 que
339 305 413 343 sub
441 303 518 341 hoc
547 300 734 350 exemplo
765 298 968 338 somnium
998 295 1110 334 istud
1149 294 1191 331 in
1225 293 1376 331 bonum
1405 294 1553 337 vertas,

232 380 303 415 aut
323 375 358 413 si
377 374 509 412 tutius
530 375 651 422 putas
672 369 778 425 illud
807 366 1036 406 cautissimi
1066 364 1261 413 cuiusque
1292 364 1556 411 praeceptum

186 456 205 484 6
234 445 364 496 ‘quod
393 443 557 481 dubites
588 453 637 478 ne
666 439 840 486 feceris‚⁷
871 437 914 474 id
951 436 1087 486 ipsum
1126 432 1312 470 rescribe.
1370 431 1457 478 Ego
1489 429 1558 466 ali-

235 528 357 566 quam
396 512 609 562 stropham
655 508 863 547 inveniam
903 517 1102 554 agamque
1141 514 1302 540 causam
1348 504 1473 545 1113111,
1513 502 1558 535 111

235 586 367 636 ipsam
397 594 516 631 agere
545 585 602 628 111,
629 592 721 617 cum
751 577 875 624 voles,
906 575 1050 626 possis.
1109 574 1185 611 Est
1214 571 1323 609 enim
1355 581 1450 607 sane
1480 567 1562 605 alia
1588 575 1605 599 5

236 654 342 693 ratio
371 657 455 701 1113,
488 651 570 689 3113
602 661 693 687 11163
729 647 823 685 fuit.
880 647 990 684 Nam
1029 642 1227 680 iudicium
1266 637 1560 677 centumvirale

238 723 397 763 differri
417 721 532 760 nullo
552 719 683 768 niodo,
704 717 818 757 istud
837 727 956 765 aegre
977 713 1143 764 quidem
1164 711 1235 750 sed
1254 714 1393 748 tamen
1414 710 1560 758 potest.

238 794 353 834 Vale.

771 935 840 973 14.
880 931 1035 983 (XIX.)

462 1055 499 1088 C.
535 1051 724 1086 PLINIUS
756 1047 977 1082 ROMATIO
1009 1045 1163 1078 FIRMO
1196 1043 1283 1076 SUO
1316 1043 1348 1075 S.

247 1168 355 1207 Pliny
369 1165 471 1205 offers
484 1165 538 1196 his
547 1162 671 1204 friend
684 1171 705 1192 α
715 1160 862 1200 fortune
877 1162 910 1190 to
925 1157 1046 1189 enable
1060 1156 1132 1186 him
1147 1159 1180 1185 [O
1195 1157 1290 1184 enter
1304 1152 1358 1183 the
1372 1149 1571 1189 equestrian

856 1219 967 1250 order.

204 1331 219 1359 1
301 1320 518 1369 Municeps
539 1322 585 1355 tu
605 1328 719 1354 meus
740 1318 781 1351 et
800 1309 1105 1359 condiscipulus
1127 1311 1167 1344 et
1188 1307 1237 1344 ab
1258 1305 1423 1342 ineunte
1441 1305 1573 1339 aetate

250 1388 570 1435 contubernalis,
591 1390 708 1436 pater
729 1388 825 1422 tuus
847 1386 887 1419 et
911 1379 1032 1418 matri
1054 1382 1094 1415 et
1121 1375 1323 1415 avunculo
1350 1385 1450 1413 meo,
1473 1370 1574 1408 mihi
1604 1383 1639 1411 10

251 1462 388 1508 etiam,
419 1461 619 1509 quantum
650 1453 798 1493 aetatis
829 1450 1047 1489 diversitas
1077 1459 1198 1497 passa
1227 1448 1300 1487 est,
1332 1441 1573 1480 familiaris:

252 1542 423 1580 magnae
444 1532 486 1567 et
506 1538 650 1577 graves
671 1535 816 1562 causae
837 1534 908 1559 cur
929 1518 1134 1567 suscipere
1159 1526 1305 1563 augere
1331 1512 1576 1560 dignitatem

208 1610 226 1638 2
252 1606 364 1640 tuam
388 1595 568 1637 debeam.
626 1596 729 1633 Esse
755 1596 891 1631 autem
921 1589 998 1627 tibi
1028 1590 1191 1625 centum
1222 1583 1381 1621 milium
1411 1593 1574 1618 censum

256 1671 357 1710 satis
377 1668 534 1707 indicat
554 1665 664 1717 quod
684 1663 793 1714 apud
814 1674 887 1699 nos
909 1658 1074 1697 decurio
1095 1669 1148 1694 es.
1208 1654 1341 1702 Igitur
1361 1656 1407 1688 ut
1433 1655 1470 1687 16
1498 1662 1577 1686 11011

257 1741 474 1780 decurione
513 1737 645 1776 solum
684 1746 825 1771 verum
861 1730 985 1768 etiam
1016 1726 1155 1776 equite
1185 1725 1369 1761 Romano
1399 1720 1580 1770 perfrua-
1613 1734 1644 1759 ιγ,

257 1824 359 1859 mur,
395 1810 522 1848 offero
553 1806 632 1844 tibi
666 1804 718 1842 ad
750 1800 969 1852 inplendas
1003 1799 1213 1846 equestres
1249 1791 1467 1829 facultates
1506 1793 1581 1824 tre-

213 1890 232 1918 3
259 1885 378 1920 centa
425 1878 541 1916 milia
587 1885 811 1912 nummum.
888 1870 943 1906 Te
982 1877 1201 1904 memorem
1242 1862 1362 1899 huius
1402 1857 1580 1896 muneris

260 1950 466 1990 amicitiae
487 1940 924 1985 nostraediuturnitas
952 1936 1150 1987 spondet:
1183 1945 1256 1980 ego
1286 1944 1334 1967 ne
1366 1928 1469 1966 illud
1499 1926 1583 1975 qui-

262 2022 354 2059 dem
398 2019 608 2061 admoneo,
648 2012 757 2063 quod
804 2010 1021 2048 admonere
1070 2004 1270 2042 deberem,
1311 1999 1388 2037 nisi
1438 1997 1580 2034 scirem

263 2094 408 2140 sponte
428 2089 648 2128 facturum,
670 2087 716 2120 ut
737 2080 940 2130 dignitate
962 2090 985 2114 a
1011 2088 1074 2112 me
1098 2074 1194 2111 data
1223 2083 1345 2120 quam
1375 2066 1586 2105 modestis·
1614 2079 1649 2104 :n

217 2168 235 2195 4
264 2161 377 2206 sime,
398 2162 444 2196 ut
468 2170 491 2195 a
510 2168 573 2194 me
595 2155 703 2200 data,
725 2156 851 2188 utare.
909 2148 1018 2184 Nam
1047 2142 1264 2182 sollicitius
1292 2135 1585 2175 (nstodn‘nnlus

265 2234 327 2268 est
355 2229 496 2275 honor,
526 2226 569 2262 in
599 2236 678 2273 quo
708 2221 833 2259 etiam
862 2214 1105 2256 beneficium
1136 2210 1255 2250 amici
1286 2207 1483 2245 tuendum
1513 2208 1583 2241 661.

265 2299 378 2338 Vale.
