1859 2828
189 1374 226 1403 10

245 178 328 220 114
816 184 855 217 o.
885 182 1018 216 PLINI

245 303 383 342 tulisti
400 304 419 340 Ῥ
479 302 575 340 Meo
595 301 763 352 quidem
795 299 950 356 iudicio
980 287 1126 336 neuter
1147 295 1392 347 culpandus,
1414 306 1589 344 quorum

246 378 420 424 uterque
449 374 502 412 ad
532 372 706 422 gloriam
736 370 828 422 pari
857 369 1100 420 cupiditate,
1127 368 1291 406 diverso
1320 366 1470 404 itinere
1500 377 1590 402 con-

246 445 396 493 tendit,
435 444 553 492 alter,
593 443 691 481 dum
731 441 893 492 expetit
932 439 1095 478 debitos
1134 437 1293 485 titulos,
1334 436 1451 484 alter,
1492 435 1589 473 dum

248 515 409 555 mavult
429 515 563 553 videri
585 512 894 563 contempsisse.
954 510 1068 549 Vale.

784 695 854 734 95.
894 692 1052 744 (XXI.)

544 811 582 843 C.
615 809 807 842 PLINIUS
841 805 1106 840 SABINIANO
1140 804 1230 838 SUO
1263 804 1298 836 S.

556 908 866 948 Intercesse‘fflzfor
882 907 1077 947 apcnz'cenc
1086 904 1288 946 freedman.

305 1010 499 1048 Libertus
528 1012 637 1055 tuus,
663 1006 729 1044 cui
761 1016 1000 1044 suscensere
1028 1006 1070 1041 te
1100 1002 1279 1049 dixeras,
1302 1000 1418 1038 venit
1447 999 1500 1038 ad
1529 1011 1594 1036 me

252 1081 557 1129 advolutusque
579 1077 755 1128 pedibus
777 1076 880 1114 meis
902 1079 1115 1124 tamquam
1135 1072 1219 1110 tuis
1247 1070 1395 1110 haesit.
1454 1069 1596 1108 Flevit

252 1152 444 1195 inultum,
462 1149 641 1187 multum
658 1147 832 1197 rogavit,
850 1145 1030 1183 multum
1047 1144 1173 1182 etiam
1194 1142 1338 1190 tacuit,
1356 1142 1400 1178 in
1422 1152 1594 1188 summa,

252 1223 355 1261 fecit
384 1221 488 1259 mihi
522 1220 646 1257 fidem
677 1216 969 1269 paenitentiae.
1028 1215 1135 1253 Vere
1165 1213 1287 1251 credo
1316 1211 1595 1259 emendatum,

253 1294 352 1344 quia
385 1291 613 1341 deliquisse
648 1301 691 1328 se
731 1287 870 1327 sentit.
948 1285 1160 1332 Irasceris,
1195 1283 1292 1331 scio,
1327 1286 1369 1321 et
1406 1280 1596 1320 irasceris

254 1364 413 1411 merito,
435 1363 480 1400 id
501 1373 664 1411 quoque
695 1359 799 1398 scio:
833 1358 906 1397 sed
934 1361 1034 1395 tunc
1064 1355 1288 1406 praecipua
1317 1352 1598 1391 mansuetudi-

255 1435 320 1474 nis
342 1435 444 1482 laus,
462 1446 555 1471 cum
577 1432 661 1469 irae
678 1442 803 1469 causa
819 1428 1052 1467 iustissima
1067 1430 1141 1465 est.
1199 1424 1365 1463 Amasti
1385 1423 1597 1461 hominem

255 1510 309 1554 et,
342 1517 472 1555 spero,
504 1502 683 1541 amabis:
730 1499 895 1538 interim
934 1497 1086 1537 sufficit
1120 1500 1167 1534 ut
1199 1495 1361 1534 exorari
1394 1498 1435 1533 te
1471 1494 1596 1532 sinas.

257 1576 419 1615 Licebit
442 1586 584 1612 rursus
616 1572 751 1619 irasci,
774 1571 809 1609 si
838 1569 1048 1616 meruerit,
1071 1568 1182 1618 quod
1211 1570 1404 1605 exoratus
1434 1576 1600 1603 excusa-

257 1648 340 1686 tius
362 1646 502 1684 facies.
562 1643 748 1682 Remitte
769 1641 931 1691 aliquid
948 1638 1256 1678 adulescentiae
1270 1637 1415 1688 ipsius,
1433 1635 1599 1674 remitte

211 1728 226 1753 :-
258 1717 453 1764 lacrimis⁷
476 1715 642 1753 remitte
664 1711 949 1761 indulgentiae
970 1714 1066 1748 tuae
1085 1725 1090 1747 :
1123 1722 1174 1747 ne
1196 1708 1367 1747 torseris
1394 1706 1525 1753 illum,
1548 1717 1599 1743 ne

258 1787 429 1827 torseris
450 1786 575 1824 etiam
596 1788 649 1823 te.
708 1781 932 1832 Torqueris
954 1781 1076 1829 enim,
1099 1793 1191 1817 cum
1215 1783 1301 1817 tam
1326 1777 1433 1816 lenis
1456 1777 1601 1815 irasce-

259 1860 327 1898 ris.
386 1859 540 1897 Vereor
560 1868 611 1894 ne
632 1855 776 1893 videar
796 1866 878 1891 non
899 1864 1042 1901 rogare
1064 1851 1136 1889 sed
1165 1862 1321 1899 cogere,
1345 1849 1379 1888 si
1409 1847 1600 1899 precibus

259 1931 348 1969 eius
370 1941 483 1967 meas
504 1928 687 1965 iunxero.
747 1925 924 1973 Iungam
945 1928 1085 1961 tamen
1106 1925 1223 1960 tanto
1244 1920 1408 1971 plenius
1433 1923 1474 1957 et
1504 1918 1601 1956 effu-

1618 300 1636 328 8

1625 1291 1644 1319 [Ο

261 2002 359 2048 sius,
381 2002 537 2050 quanto
561 1998 699 2048 ipsum
730 1995 865 2034 acrius
897 1993 1162 2042 severiusque
1192 1990 1386 2041 corripui⁷
1404 1989 1602 2028 destricte
1630 1995 1635 1998 '

262 2072 443 2109 minatus
465 2080 691 2117 numquam
714 2079 777 2103 me
798 2069 943 2116 postea
963 2067 1213 2112 rogaturum.
1274 2062 1365 2098 Hoc
1387 2060 1462 2107 illi,
1481 2072 1603 2109 quem

261 2141 408 2181 terreri
439 2139 666 2190 oportebat,
698 2137 775 2175 tibi
806 2148 889 2174 non
918 2135 1039 2172 idem.
1099 2134 1209 2171 Nam
1240 2132 1418 2170 fortasse
1450 2130 1602 2168 iterum

262 2212 425 2262 rogabo,
456 2208 688 2259 impetrabo
718 2207 889 2245 iterum:
928 2205 983 2243 sit
1013 2204 1133 2242 modo
1162 2202 1246 2241 tale
1276 2206 1322 2240 ut
1352 2213 1494 2250 rogare
1524 2212 1601 2246 me,

263 2287 309 2321 ut
330 2284 539 2333 praestare
560 2283 601 2317 te
622 2279 774 2316 deceat.
833 2275 948 2314 Vale.
