1875 2812
201 1640 238 1669 10

204 1925 238 1953 11

689 191 1036 224 EPISTULARUM
1069 194 1115 226 11.
1145 194 1173 225 1.
1544 181 1594 222 21

267 303 393 341 etiam
414 303 504 341 foro
525 307 566 341 et
586 305 729 342 rostris
751 305 992 344 attulerunt.
1051 307 1263 346 Laudatus
1294 312 1356 346 est
1384 321 1408 346 a
1431 309 1598 348 consule

268 373 458 412 Cornelio
480 373 643 411 Tacito:
676 387 768 425 nam
792 375 856 412 hic
880 389 1094 425 supremus
1120 377 1315 415 felicitati
1346 377 1433 416 eius
1464 391 1598 417 cumu-

267 443 330 481 lus
365 443 550 490 accessit,
581 443 771 481 laudator
810 445 1184 494 eloquentissinms.
1243 448 1299 485 Et
1328 447 1399 485 ille
1430 449 1597 498 quidem

266 513 412 563 plenus
453 514 571 551 annis
611 514 726 561 abiit,
758 515 905 564 plenus
944 516 1180 565 honoribus,
1212 517 1296 555 illis
1336 518 1461 555 etiam
1496 532 1596 568 quos

265 583 493 621 recusavit:
530 583 648 621 nobis
678 588 817 621 tamen
847 586 1103 634 quaerendus
1134 599 1179 624 ac
1210 587 1504 626 desiderandus
1534 593 1597 626 est

264 657 312 690 ut
341 653 552 703 exemplar
581 653 672 691 aevi
703 654 864 703 prioris,
887 655 988 692 mihi
1011 668 1105 693 vero
1126 656 1357 706 praecipue,
1380 658 1449 707 qui
1478 658 1595 695 illum

264 735 347 760 11011
368 722 500 761 solum
522 723 684 772 publice
700 728 899 773 quantum
922 725 1155 763 admirabar
1171 730 1334 764 tantum
1351 727 1594 775 diligebam,

265 793 444 842 primum
475 793 585 842 quod
622 793 787 842 utrique
822 795 962 832 eadem
996 795 1117 844 regio,
1149 796 1376 846 municipia
1404 796 1594 845 finitima,

266 863 354 912 agri
393 863 518 900 etiam
557 863 919 913 possessionesque
958 865 1213 912 coniunctae,
1244 870 1456 915 praeterea
1488 867 1596 916 quod

265 932 336 970 ille
357 932 459 969 mihi
484 936 596 970 tutor
617 933 786 971 relictus
818 926 1026 972 adfectum
1056 936 1240 984 parentis
1272 935 1470 974 exhibuit.
1531 937 1597 974 Sic

265 1002 530 1041 candidatum
563 1015 626 1040 1110
658 1003 855 1052 suffragio
886 1004 1059 1051 ornavit,
1084 1005 1141 1042 sic
1172 1005 1223 1042 ad
1252 1018 1392 1043 omnes
1422 1006 1596 1044 honores

264 1085 376 1111 ineos
397 1085 447 1110 ex
468 1073 695 1111 secessibus
725 1074 965 1117 accucurrit,
988 1087 1078 1111 cum
1102 1075 1179 1112 iam
1205 1075 1363 1124 pridem
1395 1076 1596 1114 eiusmodi

265 1142 408 1181 officiis
446 1143 738 1190 renuntiasset,
771 1143 828 1181 sic
867 1144 940 1181 illo
980 1144 1044 1181 die
1075 1157 1155 1193 quo
1194 1146 1424 1183 sacerdotes
1463 1146 1597 1183 solent

264 1213 477 1250 nominare
502 1213 899 1262 quosdignissimos
931 1214 1159 1251 sacerdotio
1189 1214 1375 1252 iudicant
1404 1228 1467 1253 me
1498 1228 1597 1253 sem-

265 1295 338 1333 per
358 1283 607 1321 nominabat.
668 1283 775 1328 Quin
806 1283 930 1321 etiam
954 1283 994 1320 in
1016 1284 1091 1321 hac
1113 1284 1339 1322 novissima
1358 1285 1595 1322 valetudine

266 1353 422 1391 veritus
452 1365 503 1390 ne
533 1354 641 1391 forte
673 1354 780 1391 inter
811 1354 1105 1403 quinqueviros
1135 1359 1354 1402 crearetur,
1377 1355 1447 1404 qui
1468 1355 1596 1392 11111111-

266 1423 385 1461 endis
406 1423 584 1473 publicis
607 1424 841 1473 sumptibus
864 1423 1017 1461 iudicio
1039 1428 1204 1461 senatus
1226 1424 1594 1471 constituebantur,

265 1505 357 1530 011111
397 1486 459 1530 1111
490 1497 552 1531 tot
581 1493 703 1531 amici
734 1506 850 1531 senes
880 1493 1196 1542 consularesque
1229 1498 1501 1543 superessent,
1533 1507 1595 1531 me

265 1563 388 1601 liuius
427 1563 576 1601 aetatis
617 1576 688 1613 per
721 1576 842 1613 quem
873 1568 1136 1601 excusaretur
1166 1563 1303 1612 elegit,
1334 1564 1399 1602 liis
1429 1564 1594 1613 quidem

266 1633 402 1671 verbis
426 1634 572 1671 ‘etiam
596 1633 629 1671 si
650 1633 782 1670 filium
804 1633 1009 1676 haberem,
1032 1633 1108 1670 tibi
1130 1633 1392 1670 mandarem.⁷
1440 1634 1595 1678 Quibus

266 1715 316 1740 ex
336 1703 470 1741 causis
492 1715 657 1741 necesse
686 1707 747 1740 est
770 1707 980 1752 tamquam
1012 1703 1274 1740 immaturam
1306 1707 1478 1740 mortem
1509 1703 1595 1740 eius

266 1772 310 1810 111
331 1773 425 1811 sinu
445 1776 515 1810 tuo
536 1772 731 1821 defleam,
756 1773 790 1810 si
810 1777 948 1810 tamen
971 1773 1034 1810 fas
1056 1776 1119 1809 est
1140 1776 1211 1810 aut
1231 1772 1327 1810 flere
1344 1777 1414 1810 aut
1431 1773 1597 1810 0111111110

266 1847 439 1881 1110110111
474 1855 630 1887 vocare,
663 1856 744 1892 qua
782 1843 889 1880 tanti
920 1843 999 1879 viri
1039 1843 1270 1880 mortalitas
1310 1843 1440 1890 magis
1479 1842 1597 1880 finita

268 1926 389 1962 quam
412 1913 499 1951 vita
519 1917 592 1951 est.
652 1913 769 1950 Vivit
791 1913 899 1950 enim
921 1913 1115 1961 vivetque
1139 1924 1299 1961 semper
1320 1916 1441 1961 atque
1472 1912 1594 1949 etiam

268 1983 394 2021 latius
415 1983 458 2020 111
478 1983 676 2020 memoria
704 1983 919 2020 hominum
950 1986 990 2019 et
1020 1995 1204 2019 sermone
1226 1982 1469 2028 versabitur,
1492 1986 1597 2030 post·
1625 1995 1631 2002 ‘

269 2065 391 2102 quam
412 2053 463 2090 ab
483 2053 612 2091 oculis
634 2053 814 2090 recessit.
873 2052 998 2090 Volui
1027 2052 1105 2089 tibi
1135 2052 1266 2089 multa
1297 2051 1379 2089 alia
1408 2051 1595 2098 scribere,

269 2123 341 2161 sed
362 2126 473 2160 totus
495 2123 656 2160 animus
677 2123 718 2159 in
741 2123 816 2160 hac
843 2135 927 2159 una
956 2121 1304 2170 contemplatisme
1334 2121 1493 2158 defixus
1523 2124 1594 2158 est.

269 2193 512 2241 Verginium
533 2193 680 2241 cogito,
703 2192 946 2240 Verginium
968 2192 1099 2239 video,
1118 2191 1358 2239 Verginium
1382 2191 1461 2228 iam
1479 2190 1596 2228 vanis

269 2262 531 2311 imaginibus,
570 2263 800 2300 recentibus
840 2266 990 2301 tamen,
1031 2261 1164 2302 audio,
1206 2260 1415 2309 adloquor,
1456 2264 1595 2305 teneo3

270 2333 335 2369 cui
356 2332 534 2370 fortasse
555 2332 665 2370 cives
686 2332 846 2381 aliquos
869 2331 1091 2368 virtutibus
1114 2343 1231 2380 pares
1262 2334 1302 2366 et
1332 2329 1528 2367 habemus
1558 2333 1598 2366 et

270 2401 525 2449 habebimus,
547 2403 678 2451 gloria
698 2402 916 2439 neminem.
976 2401 1087 2438 Vale.

1626 947 1663 976 10

1625 1294 1661 1322 15

1625 1640 1662 1668 20

1626 2338 1664 2365 :30
