1859 2828
124 1003 161 1032 10

129 1725 165 1754 15

130 2428 167 2457 25

185 216 238 258 82
755 218 794 251 C.
828 217 962 249 PLINI

184 342 367 388 vagetur.
425 337 485 375 At
505 336 576 374 ille
593 336 865 374 mandaverat
881 338 1129 385 cavei-atque
1145 337 1192 372 ut
1208 332 1398 371 divinum
1418 331 1526 370 illud
1547 337 1571 365 4

183 415 225 449 et
246 408 481 447 immortale
502 408 662 445 factum
684 406 872 444 versibus
893 405 1210 444 inscriberetur:

291 491 374 529 Hic
396 490 501 529 situs
523 493 586 528 est
608 489 759 537 Rufus,
782 488 902 539 pulso
923 487 995 538 qui
1015 487 1192 526 Vindice
1214 485 1422 536 quondam

394 560 614 611 imperium
638 558 824 598 adseruit
844 571 927 596 non
949 557 1028 596 sibi
1050 557 1122 595 sed
1143 556 1313 607 patriae.

184 646 287 683 Tam
309 656 402 681 rara
421 643 465 680 in
485 641 683 680 amicitiis
704 640 820 688 fides,
837 644 923 678 tam
941 643 1088 690 parata
1102 638 1257 677 oblivio
1274 641 1528 675 mortuorum
1556 640 1574 668 5

185 718 231 753 ut
252 714 333 765 ipsi
355 713 474 752 nobis
495 713 718 751 debeamus
740 711 865 749 etiam
887 709 1121 748 conditoria
1141 712 1354 747 exstruere
1379 707 1532 745 omnia-

186 797 265 835 que
296 784 495 822 heredum
525 782 659 821 officia
692 793 969 832 praesumere.
1027 780 1137 818 Nam
1169 779 1235 817 cui
1263 791 1345 816 non
1375 782 1438 816 est
1468 789 1532 815 ve·
1558 786 1576 812 6

186 855 361 894 rendum
382 854 493 905 quod
511 853 698 892 videmus
720 852 921 890 accidisse
938 850 1136 900 Verginio
1152 851 1171 888 ⁶?
1201 849 1318 887 cuius
1334 848 1531 886 iniuriam

186 929 233 964 ut
262 925 541 974 indigniorem
577 923 635 962 sic
665 923 791 961 etiam
822 921 1026 960 notiorem
1055 920 1188 971 ipsius
1217 919 1388 958 claritas
1415 917 1530 957 facit.

186 996 301 1036 Vale.

738 1094 807 1133 69.
849 1091 980 1143 (XV.)

513 1212 553 1246 C.
585 1210 778 1244 PLINIUS
811 1209 1017 1242 ROMANO
1051 1207 1208 1242 SUOS.

501 1323 603 1355 Rude
630 1322 804 1354 withicism
830 1321 872 1361 os
890 1330 911 1352 α
929 1320 1078 1361 famous
1096 1319 1216 1359 floris&

245 1433 450 1473 Mirificae
472 1432 530 1470 rei
556 1445 639 1470 non
669 1430 928 1468 interfuisti:
960 1441 1011 1467 ne
1041 1440 1116 1477 ego
1146 1427 1336 1478 quidem3
1369 1426 1441 1465 sed
1471 1437 1534 1463 me
1563 1435 1579 1463 1

191 1518 334 1544 recens
372 1503 516 1542 fabula
554 1502 729 1552 excepit.
788 1502 1026 1538 Passennus
1064 1498 1252 1546 Paullus,
1288 1496 1534 1548 splendidus

192 1588 317 1626 eques
356 1575 569 1612 Romanus
609 1577 650 1610 et
689 1573 733 1609 in
771 1571 916 1621 primis
957 1570 1158 1617 eruditus,
1200 1568 1346 1606 scribit
1384 1567 1532 1616 elegos.

193 1646 467 1685 Gentilicium
496 1644 574 1682 hoc
596 1643 680 1680 illi:
712 1646 776 1680 est
803 1641 914 1679 enim
944 1640 1157 1689 municeps
1187 1638 1380 1688 Properti
1411 1641 1535 1686 atque

193 1718 319 1756 etiam
343 1717 451 1754 iuter
480 1715 656 1753 maiores
688 1726 781 1752 suos
811 1711 1079 1762 Propertium
1107 1712 1309 1748 numerat.
1369 1709 1412 1747 Is
1443 1720 1536 1746 cuin
1562 1719 1580 1747 2

194 1788 399 1835 recitaret,
421 1787 483 1824 ita
506 1785 643 1835 coepit
673 1784 811 1822 dicere
834 1782 1011 1830 ‘Prisce,
1034 1781 1176 1819 iubes.'
1234 1779 1303 1818 Ad
1322 1779 1400 1817 hoc
1420 1779 1536 1816 Iavo-

192 1858 311 1896 lenus
336 1857 504 1895 Priscus
527 1855 687 1905 (aderat
717 1854 838 1901 enim,
862 1856 910 1891 ut
940 1852 1089 1890 Paullo
1118 1850 1414 1901 amicissimus)
1438 1853 1535 1897 ‘ego

194 1942 290 1967 vero
328 1940 411 1965 11011
450 1926 597 1964 iubeo.⁷
656 1925 804 1973 Cogita
833 1923 905 1973 qui
936 1923 1043 1961 risus
1074 1922 1301 1965 hominum,
1332 1920 1403 1970 qui
1443 1919 1532 1957 ioci.

194 2001 271 2038 Est
295 1999 462 2037 omnino
486 1998 656 2036 Priscus
682 1996 830 2035 dubiae
856 1994 1062 2042 sanitatis,
1085 1993 1260 2030 interest
1284 1995 1425 2029 tamen
1455 1989 1536 2027 offi-
1563 1998 1580 2023 :3
1635 2026 1642 2029 ,

194 2072 282 2119 ciis,
323 2071 545 2109 adhibetur
584 2068 771 2106 consiliis
811 2070 936 2116 atque
966 2064 1092 2103 etiam
1123 2063 1187 2101 ius
1217 2062 1339 2100 civile
1370 2060 1534 2111 publice

194 2142 441 2192 respondet:
483 2152 563 2190 quo
593 2138 724 2187 magis
755 2137 865 2187 quod
903 2140 1002 2173 tunc
1036 2134 1138 2172 fecit
1168 2137 1209 2171 et
1239 2132 1462 2170 ridiculum
1493 2135 1534 2168 et

194 2211 378 2250 notabile
399 2211 493 2248 fuit.
536 2209 714 2247 1nterim
735 2207 884 2245 Paullo
905 2205 1043 2244 aliena
1063 2203 1254 2242 deliratio
1271 2202 1534 2252 aliquantum
1562 2212 1579 2239 4

195 2282 364 2331 frigoris
404 2281 558 2319 attulit.
618 2280 721 2317 Tam
756 2277 933 2315 sollicite
964 2274 1200 2313 recitaturis
1229 2272 1534 2323 providendum

195 2356 258 2391 est
288 2365 368 2390 non
400 2351 533 2389 solum
561 2354 609 2387 ut
640 2349 724 2387 sint
754 2347 834 2398 ipsi
866 2346 957 2385 sani
986 2358 1129 2383 verum
1164 2343 1290 2382 etiam
1328 2347 1375 2381 ut
1414 2354 1534 2381 sanos

195 2423 432 2461 adhibeant.
491 2420 607 2460 Vale.
