1875 2812
196 1013 212 1042 1

662 191 1007 225 EPISTULARUM
1043 195 1106 226 111.
1137 197 1164 228 1.
1521 191 1573 233 37

651 542 838 584 LIBER
882 544 1168 609 TERTIUS.

818 702 887 742 3ο.
927 701 997 754 (1.)

556 806 597 838 C.
630 806 822 838 PLINIUS
855 807 1081 840 CALVISIO
1114 809 1202 841 SUO
1234 810 1267 842 S.

436 903 528 936 How
555 903 740 944 Spurinna
765 909 863 945 spent
887 906 941 937 his
965 907 1051 946 days
1077 908 1113 939 in
1139 908 1194 939 his
1219 909 1276 940 old
1299 918 1374 949 aye.

291 1000 445 1039 Nescio
466 1013 519 1039 an
538 1001 671 1038 ullum
692 1001 912 1041 iucundius
932 1007 1096 1053 tempus
1121 1005 1325 1053 exegerim
1347 1018 1467 1055 quam
1490 1019 1569 1056 quo

239 1083 370 1120 nuper
400 1071 511 1120 apud
551 1071 801 1121 Spurinnam
839 1072 914 1120 fui,
945 1073 1047 1111 adeo
1076 1074 1243 1123 quidem
1280 1078 1326 1112 ut
1364 1076 1568 1113 neminem

240 1140 370 1189 magis
391 1140 435 1178 in
456 1145 680 1189 senectute,
700 1141 735 1179 si
751 1142 872 1179 modo
894 1155 1104 1182 senescere
1120 1144 1263 1181 datum
1280 1148 1353 1192 est,
1371 1145 1568 1183 aemulari

240 1210 387 1248 velim:
419 1210 528 1248 nihil
558 1215 621 1249 est
650 1211 760 1249 enim
781 1212 855 1249 illo
877 1213 985 1250 vitae
1016 1226 1161 1262 genere
1192 1214 1440 1252 distinctius.
1500 1216 1568 1252 Me

239 1283 377 1318 autem
398 1284 444 1318 ut
465 1284 601 1319 certus
623 1281 805 1319 siderum
834 1294 976 1321 cursus
1000 1283 1060 1320 ita
1080 1283 1167 1321 vita
1194 1283 1406 1321 hominum
1436 1284 1568 1334 dispo-

240 1351 320 1389 sita
350 1351 541 1399 delectat,
573 1364 717 1390 senum
747 1353 1003 1402 praesertim.
1061 1354 1169 1391 Nam
1200 1354 1368 1391 iuvenes
1398 1356 1568 1393 confusa

239 1421 372 1459 adhuc
399 1422 601 1471 quaedam
631 1426 673 1460 et
703 1422 821 1472 quasi
852 1423 1018 1461 turbata
1046 1436 1127 1461 non
1157 1424 1369 1469 indecent3
1402 1425 1565 1462 senibus

238 1491 402 1541 placida
433 1491 572 1529 omnia
601 1496 642 1529 et
671 1492 862 1530 ordinata
890 1493 1154 1539 conveniunt⁷
1186 1494 1333 1543 quibus
1363 1494 1567 1532 industria

239 1573 340 1609 sera,
370 1561 505 1611 turpis
536 1562 709 1599 ambitio
748 1566 819 1600 est.
879 1563 1000 1600 Hanc
1030 1563 1212 1611 regulam
1245 1563 1450 1612 Spurinna
1478 1577 1566 1601 ‹fon-

239 1631 494 1669 stantissiine
525 1636 685 1679 servat3
716 1632 816 1682 quin
846 1632 970 1670 etiam
992 1646 1119 1683 parva
1138 1633 1248 1680 haec,
1272 1646 1408 1682 parva.
1431 1634 1464 1671 si
1485 1647 1565 1671 non

237 1701 387 1739 cotidie
425 1701 540 1749 fiant,
571 1701 714 1739 ordine
746 1703 923 1751 quodam
956 1707 997 1740 et
1025 1703 1140 1741 velut
1178 1705 1272 1742 orbe
1311 1705 1562 1753 circumagit.

237 1771 360 1809 Mane
398 1771 551 1808 lectulo
589 1771 836 1817 continetur,
870 1772 971 1810 hora
1009 1774 1188 1811 secunda
1226 1774 1380 1811 calceos
1420 1774 1562 1824 poscit,

237 1841 421 1879 ambulat
459 1841 576 1879 milia
613 1854 809 1891 passuum
840 1842 922 1879 tria
950 1854 1023 1880 nec
1058 1843 1192 1881 minus
1231 1844 1413 1881 animum
1443 1857 1563 1893 quani

237 1923 383 1960 corpus
405 1915 578 1949 exercet.
639 1911 682 1948 Si
711 1911 863 1949 adsunt
892 1912 1024 1960 amici,
1047 1912 1327 1951 honestissimi
1359 1926 1563 1951 sermones

237 1980 519 2030 explicantur:
553 1981 587 2019 si
608 1993 702 2028 non⁷
724 1981 828 2019 liber
858 1981 1031 2030 legitur3
1063 1982 1270 2020 interdum
1300 1983 1424 2020 etiam
1455 1995 1564 2032 prae-
1610 2010 1619 2019 1

238 2050 422 2089 sentibus
453 2050 608 2098 amicis,
641 2052 675 2089 si
714 2055 852 2089 tamen
892 2051 954 2088 illi
993 2065 1074 2089 non
1114 2058 1345 2100 gravantur.
1404 2053 1562 2089 Deinde

237 2121 425 2169 considit,
448 2125 489 2159 et
509 2121 613 2159 ]iber
633 2134 774 2159 rursus
802 2125 873 2159 aut
903 2135 1034 2159 sermo
1065 2122 1170 2160 libro
1200 2124 1353 2172 potior:
1388 2136 1481 2160 mox
1504 2135 1563 2159 ve-

236 2190 420 2228 hiculum
442 2191 640 2238 ascendit,
663 2191 845 2229 adsumit
866 2204 1032 2229 uxorem
1057 2193 1277 2240 singularis
1299 2193 1475 2242 exempli
1498 2192 1561 2229 vel

237 2260 417 2310 aliquem
456 2261 693 2309 amicorum,
733 2265 779 2299 ut
817 2274 879 2299 me
919 2262 1118 2311 proxime.
1177 2263 1305 2307 Quam
1346 2263 1561 2312 pulchrum

236 2330 353 2379 illud,
384 2343 507 2381 quam
547 2331 665 2369 dulce
696 2333 917 2369 secretum!
958 2336 1157 2381 quantum
1190 2332 1245 2370 ibi
1276 2332 1561 2381 antiquitatis!

237 2412 340 2450 quae
356 2400 479 2449 facta,
494 2414 595 2451 quos
612 2402 721 2439 viros
739 2401 904 2439 audias!
936 2402 1084 2450 quibus
1107 2402 1335 2451 praeceptis
1358 2402 1559 2438 inlbunrv!

236 2470 424 2519 quamvis
454 2470 526 2508 ille
555 2471 631 2508 hoc
660 2474 1032 2520 temperamentum
1062 2471 1286 2509 modestiae
1317 2484 1412 2508 suae
1434 2471 1562 2507 indix-

1594 1297 1612 1324 5

1595 1643 1629 1670 10

1590 2340 1626 2365 20
