1875 2812
227 1999 245 2027 20

682 200 1028 234 EPISTULARUM
1060 204 1124 236 VI.
1155 205 1207 238 10.
1559 203 1605 243 81

281 313 430 361 ambio,
452 326 526 362 ego
555 315 787 364 periclitor:
828 317 871 355 in
901 331 1071 367 summa,
1100 320 1135 358 si
1165 321 1286 359 datur
1313 322 1473 361 Nasoni
1503 325 1612 373 quod

280 382 398 432 petit,
420 383 534 423 illius
555 384 684 423 honor
697 401 718 434 3.
739 386 774 424 si
793 392 979 437 negatur,
1002 402 1092 428 mea
1112 391 1278 440 repulsa
1297 396 1370 430 est.
1428 393 1541 432 Vale.

837 542 905 581 67.
946 542 1058 594 (IX.)

613 645 651 677 C.
686 646 876 679 PLINIUS
907 648 1083 681 TACITO
1116 649 1204 682 SUO
1237 650 1270 682 S.

458 742 601 774 Tacitus
617 744 682 776 has
699 744 826 785 beqqed
844 746 952 785 Pliny
970 751 1003 778 το
1021 752 1168 787 support
1183 749 1308 780 Julius
1325 749 1436 782 Naso.

331 838 604 878 Commendas
638 840 742 878 1111111
770 841 925 879 Iulium
955 834 1165 882 Nasonem
1193 846 1469 884 candidatum.
1528 848 1609 886 Na-

279 920 418 946 sonem
439 909 544 946 mihi
560 911 579 947 ‘2‘
609 910 710 959 quid
732 911 766 949 si
786 924 850 949 me
866 912 1001 962 ipsum
1019 915 1038 951 ἶ)
1098 914 1200 952 Fero
1216 919 1355 953 tamen
1372 920 1413 954 et
1428 917 1605 965 ignosco.

276 978 466 1016 Eundem
488 979 597 1017 enim
618 982 969 1020 commendassem
998 983 1086 1030 tibi,
1110 984 1144 1022 si
1173 988 1213 1022 te
1243 985 1398 1023 Romae
1423 991 1607 1025 morante
1634 996 1653 1024 5

276 1047 365 1097 ipse
386 1048 596 1086 afuissem.
656 1050 796 1088 Habet
816 1051 892 1089 hoc
917 1052 1165 1101 sollicitudo,
1188 1055 1297 1104 quod
1318 1056 1455 1093 onmia
1474 1069 1608 1095 neces-

277 1117 387 1155 saria
415 1123 546 1168 putat.
606 1120 667 1157 Tu
688 1124 838 1169 tamen,
861 1133 1018 1170 0011300,
1040 1122 1143 1161 alios
1168 1136 1307 1173 roges3
1339 1137 1412 1174 ego
1441 1138 1607 1176 precum

276 1191 441 1225 tuarum
462 1188 654 1238 minister
675 1190 838 1228 adiutor
858 1191 1066 1242 particeps
1087 1204 1166 1230 ero.
1224 1193 1339 1232 Vale.

841 1358 909 1397 68.
949 1358 1037 1409 (X.)

607 1460 644 1493 C.
681 1461 871 1494 PLINIUS
901 1463 1083 1496 ALBINO
1115 1464 1204 1496 SUO
1237 1465 1271 1498 S.

362 1556 504 1597 Pliny’s
520 1558 794 1591 mother-indam
812 1569 908 1591 oza-ns
924 1570 945 1592 α
962 1562 1048 1593 villa
1066 1562 1177 1593 which
1196 1571 1278 1594 once
1299 1563 1468 1604 belonged
1483 1569 1517 1597 to

779 1619 965 1660 1⁷e2·92·222·us
982 1621 1111 1661 Rufus⁸

327 1714 430 1752 Cum
460 1715 665 1753 venissem
696 1715 739 1753 in
765 1728 904 1755 socrus
932 1729 1045 1756 meae
1066 1718 1208 1756 villam
1231 1719 1477 1769 Alsiensem,
1500 1734 1603 1772 quae

273 1783 496 1833 aliquando
518 1784 613 1822 Rufi
635 1786 807 1834 Vergini
828 1786 921 1834 fuit,
944 1787 1032 1837 ipse
1053 1788 1157 1825 mihi
1184 1788 1297 1828 100113
1319 1790 1465 1840 optimi
1490 1791 1603 1830 1111113
1631 1798 1667 1826 10

273 1857 314 1890 et
347 1854 519 1891 maximi
552 1854 633 1891 viri
666 1855 917 1893 desiderium
955 1870 1036 1894 non
1075 1858 1163 1896 sine
1203 1859 1340 1896 dolore
1375 1861 1600 1899 renovavit.

273 1923 396 1960 Hunc
421 1923 530 1960 enim
555 1924 687 1962 colere
715 1937 917 1963 secessum
943 1930 1065 1976 atque
1096 1928 1220 1965 etiam
1252 1930 1475 1968 senectutis
1506 1943 1601 1968 suae

272 1992 459 2030 nidulum
500 2006 643 2032 vocare
682 2000 960 2033 consueverat.
1019 1997 1281 2047 Quocumque
1316 2011 1379 2036 me
1411 2000 1602 2037 contulis-

272 2074 369 2109 sem,
388 2062 506 2100 illum
527 2064 700 2111 animus,
718 2064 837 2102 illum
854 2065 959 2103 001111
982 2066 1254 2115 requirebant.
1315 2068 1457 2106 Libuit
1477 2069 1600 2107 etiam

271 2124 570 2170 monimentum
592 2133 678 2171 eius
700 2134 853 2181 videre,
876 2139 916 2172 et
937 2136 1089 2174 vidisse
1114 2137 1332 2186 paenituit.
1388 2139 1465 2176 Est
1491 2139 1599 2176 enim
1629 2143 1663 2170 15

271 2202 403 2239 adhuc
425 2202 714 2252 inperfectum,
736 2217 809 2241 nec
831 2204 1048 2243 difficultas
1070 2207 1204 2256 operis
1232 2207 1274 2244 in
1295 2220 1427 2253 causa,
1449 2209 1599 2246 modici

271 2283 316 2309 ac
345 2272 484 2321 potius
514 2273 664 2321 exigui,
693 2274 764 2311 sed
795 2274 945 2312 inertia
975 2275 1060 2313 eius
1091 2276 1155 2313 0111
1183 2289 1277 2314 cura
1302 2278 1498 2323 mandata
1524 2283 1596 2316 est.

272 2340 391 2379 Subit
421 2341 652 2390 indignatio
682 2356 773 2380 cum
803 2344 1078 2391 miseratione,
1100 2350 1193 2395 post
1223 2346 1424 2384 decimum
1455 2348 1597 2386 mortis

270 2422 423 2447 annum
453 2411 649 2461 reliquias
680 2413 994 2463 neglectumque
1025 2415 1201 2452 cinerem
1233 2416 1320 2454 sine
1347 2417 1483 2465 titulo,
1509 2417 1596 2455 sine

270 2480 434 2517 nomine
455 2480 598 2528 iacere,
620 2481 735 2520 cuius
757 2483 952 2520 memoria
972 2484 1109 2521 orbem
1129 2488 1330 2523 terrarum
1357 2486 1487 2534 gloria
1511 2499 1596 2536 per-
1623 2489 1660 2518 20
