1875 2812
663 128 1207 352 Eiusrtffl
1540 191 1593 233 83

793 368 862 408 70.
901 365 1054 417 (XVI.)

595 476 633 508 C.
668 473 860 507 PLINIUS
891 470 1068 504 TACITO
1101 469 1190 502 SUO
1222 468 1255 501 S.

317 576 408 610 How
433 576 542 615 Pliny
566 575 621 607 the
647 574 758 605 Elder
775 570 941 612 perished
966 571 1004 601 rin
1030 569 1083 607 the
1108 568 1271 607 eruption
1295 565 1338 605 of
1363 562 1541 596 Vesuvius.

220 687 237 715 1
317 674 435 731 PEffiS
455 677 502 711 ut
522 672 600 710 tibi
630 669 825 709 avunculi
854 667 934 705 11101
961 666 1120 704 exitum
1149 663 1337 710 scribam,
1359 673 1439 717 quo
1459 659 1597 697 verius

265 745 428 784 tradere
454 742 630 794 posteris
660 740 806 791 possis.
866 737 1033 777 Gratias
1063 747 1159 783 ago:
1200 745 1294 771 nam
1324 717 1445 768 video
1474 728 1598 766 morti

268 816 368 863 eius,
391 814 427 853 si
447 812 676 852 celebretur
696 823 720 848 a
739 813 793 856 te,
815 805 1077 846 inmortalem
1099 803 1271 853 gloriam
1301 813 1389 840 esse
1418 797 1599 850 proposi-

223 900 240 928 2
267 891 365 924 tam.
423 882 621 929 Quamvis
642 880 751 918 enim
773 876 1145 929 pulcherrimarum
1172 873 1288 912 clade
1317 875 1531 916 terrarum,
1553 872 1600 905 ut

269 955 425 1006 populi,
446 957 493 991 ut
516 952 652 998 urbes,
673 947 929 987 memorabili
959 958 1056 984 casu
1085 943 1204 994 quasi
1234 953 1394 991 semper
1414 940 1599 977 victurus
1627 946 1645 973 5

270 1024 479 1071 occiderit,
501 1021 691 1072 quamvis
712 1020 800 1069 ipse
820 1017 1000 1068 plurima
1023 1027 1147 1065 opera
1176 1016 1217 1050 et
1245 1022 1439 1050 mansura
1467 1008 1603 1047 condi-

272 1095 379 1134 derit
394 1110 402 1143 3
433 1092 611 1131 multum
626 1095 766 1128 tamen
781 1085 1052 1138 perpetuitati
1069 1084 1157 1122 eius
1174 1082 1420 1132 scriptorum
1436 1083 1599 1117 tuorum

228 1181 247 1210 3
273 1164 498 1204 aeternitas
528 1161 663 1200 addet.
722 1158 927 1208 Equidem
956 1156 1097 1193 beatos
1127 1156 1228 1204 puto
1257 1151 1405 1201 quibus
1436 1149 1604 1187 deorum

274 1247 442 1274 munere
490 1233 632 1271 datum
680 1234 743 1268 est
781 1232 854 1267 aut
891 1227 1027 1264 facere
1066 1222 1282 1262 scribenda
1319 1224 1390 1258 aut
1429 1218 1605 1257 scribere

276 1305 462 1355 legenda,
483 1301 746 1341 beatissimos
777 1310 873 1336 vero
902 1296 1052 1346 quibus
1081 1297 1314 1341 utrumque.
1371 1290 1534 1327 Horum
1563 1288 1606 1325 in
1634 1296 1671 1325 10

276 1388 447 1415 numero
477 1371 704 1412 avunculus
735 1381 850 1407 meus
880 1370 921 1404 et
951 1366 1036 1404 suis
1066 1363 1185 1402 libris
1205 1366 1247 1400 et
1266 1361 1350 1399 tuis
1372 1360 1461 1397 erit.
1519 1359 1607 1404 Quo

232 1458 251 1485 4
278 1446 476 1485 libentius
516 1441 708 1491 suscipio,
740 1440 913 1488 deposco
951 1436 1075 1473 etiam
1107 1433 1217 1483 quod
1255 1430 1448 1479 iniungis.
1506 1429 1609 1466 Erat

281 1515 435 1555 Miseni
469 1514 725 1561 classemque
764 1507 937 1558 imperio
975 1516 1170 1555 praesens
1208 1501 1384 1551 regebat.
1442 1499 1609 1537 Nonum

282 1587 377 1625 Kal.
410 1583 683 1634 Septembres,
711 1580 813 1617 hora
840 1578 927 1615 fere
958 1574 1146 1625 septima,
1177 1576 1306 1610 mater
1335 1582 1427 1608 mea
1455 1568 1612 1606 indicat

283 1658 320 1695 ei
350 1665 548 1706 apparere
586 1651 736 1689 nubem
775 1647 978 1686 inusitata
1006 1648 1047 1682 et
1076 1641 1362 1691 magnitudine
1393 1643 1435 1677 et
1464 1638 1609 1688 specie.
1640 1642 1676 1670 15

238 1739 256 1768 5
286 1729 399 1766 Usus
429 1724 499 1762 1110
531 1722 627 1769 5010,
650 1733 745 1757 mox
773 1717 940 1766 frigida,
972 1716 1211 1764 gustaverat
1241 1712 1377 1749 iacens
1407 1708 1615 1747 studebat-

285 1809 385 1847 que:
418 1794 551 1845 poscit
573 1791 716 1837 soleas,
739 1787 926 1827 ascendit
946 1785 1081 1823 locum
1111 1795 1162 1821 ex
1181 1794 1262 1832 quo
1291 1779 1468 1819 maxime
1497 1777 1616 1815 mira-

286 1867 425 1906 culum
458 1863 564 1902 illud
603 1859 785 1909 conspici
826 1858 998 1907 poterat.
1055 1853 1211 1899 Nubes,
1242 1851 1445 1889 incertum
1476 1846 1615 1898 procul

287 1934 546 1975 intuentibus
568 1944 618 1969 ex
638 1942 719 1980 quo
739 1931 878 1965 monte
902 1923 1147 1976 (Vesuvium
1168 1921 1298 1959 fuisse
1319 1923 1463 1970 postea
1486 1916 1619 1965 cogni-

289 2012 378 2045 tum
407 2006 502 2056 est),
524 2001 743 2046 oriebatur,
769 1997 885 2035 cuius
916 1992 1233 2032 similitudinem
1263 1993 1305 2027 et
1334 1992 1506 2026 formam
1537 1998 1618 2023 non
1645 1992 1677 2019 2(

245 2088 264 2116 6
291 2077 374 2116 alia
402 2073 532 2123 magis
562 2071 681 2109 arbor
711 2080 834 2118 quam
864 2065 985 2114 pinus
1015 2061 1274 2112 expresserit.
1334 2059 1441 2096 Nam
1473 2056 1621 2104 longis-

293 2148 396 2186 simo
417 2144 531 2182 velut
551 2145 698 2179 trunco
719 2137 829 2175 elata
848 2136 891 2172 in
912 2134 1040 2172 altum
1064 2130 1309 2181 quibusdam
1330 2128 1453 2166 ramis
1475 2126 1622 2164 diffun-

295 2217 479 2262 debatur,
496 2211 629 2258 credo,
647 2209 745 2259 quia
760 2205 915 2244 recenti
932 2203 1082 2253 spiritu
1104 2205 1257 2247 evecta,
1275 2200 1371 2237 dein
1387 2199 1623 2236 senescente

296 2300 342 2325 eo
362 2284 565 2324 destituta
585 2283 657 2318 aut
681 2277 806 2316 etiam
838 2274 1015 2325 pondere
1048 2284 1119 2309 5110
1149 2271 1259 2308 victa
1289 2270 1332 2306 111
1361 2266 1625 2317 latitudinem

296 2353 565 2399 vanescebat,
594 2348 769 2387 candida
789 2345 1009 2391 interdum,
1026 2341 1231 2379 interdum
1251 2338 1415 2377 sordida
1435 2340 1476 2374 et
1496 2347 1627 2373 macu-
1653 2340 1689 2368 25

253 2435 269 2463 7
298 2427 397 2473 losa,
419 2425 543 2474 prout
575 2424 728 2458 terrain
758 2417 988 2453 cineremve
1020 2411 1256 2450 sustulerat.
1316 2409 1513 2455 Magnum
1542 2417 1645 2454 pro—-

299 2496 474 2547 piusque
504 2488 767 2534 noscendum,
796 2489 844 2522 ut
874 2482 1154 2521 eruditissimo
1183 2480 1281 2523 viro,
1304 2478 1449 2515 visum.
1509 2475 1629 2512 Iubet
