1875 2812
197 527 234 556 12

201 736 238 765 13

204 1019 241 1047 14

675 189 1023 222 EPISTULARUM
1056 188 1102 220 ΙΙ.
1129 188 1180 220 17.
1536 178 1588 216 29

261 311 302 345 et
339 310 432 357 post
471 304 684 344 silentium
719 304 854 354 eoepit
889 303 997 346 idem
1030 302 1164 340 tertio.
1222 300 1459 338 Novissime
1499 299 1590 348 quis

262 377 419 415 diceret
442 374 671 426 quaesivit:
704 386 945 424 responsum
976 376 1040 411 est
1063 371 1279 409 ‘Licinus'
1338 371 1441 406 Tum
1472 369 1592 406 inter-

261 446 388 485 missa
416 457 540 483 causa
565 436 855 483 ‘centumviri'
882 443 1031 492 inquit,
1061 442 1159 479 ‘hoe
1187 440 1407 479 artificium
1433 438 1591 488 perit.''

262 516 381 563 Quod
410 513 565 564 alioqui
595 512 729 562 perire
760 511 998 561 incipiebat,
1021 523 1112 547 oum
1138 509 1293 559 perisse
1314 508 1419 545 Afro
1439 508 1593 545 videre-

262 592 342 634 tur,
363 597 473 623 nuno
494 595 588 621 vero
609 594 736 632 prope
757 581 947 618 funditus
975 579 1204 621 extinctum
1234 582 1275 615 et
1304 591 1490 616 eversum
1520 581 1592 615 est.
1621 585 1636 611 ἵ

264 656 401 695 Pudet
425 654 580 692 referre
609 664 713 702 quae
735 663 856 701 quam
879 651 1013 688 fracta
1033 648 1369 699 pronuntiatione
1392 647 1593 693 dieantur,

265 726 416 777 quibus
451 736 573 774 quam
607 721 762 760 teneris
802 720 1048 758 elamoribus
1087 718 1356 768 excipiantur.
1419 716 1594 754 Plausus

264 800 429 835 tantum
451 807 496 832 ao
517 793 657 844 potius
682 791 770 831 sola
795 790 985 842 cymbala
1011 793 1052 827 et
1081 793 1282 839 tympana
1310 787 1394 824 illis
1424 785 1595 824 canticis

267 867 437 905 desunt:
468 864 655 902 ululatus
671 862 839 912 quidem
858 861 1007 911 (neque
1023 859 1132 897 enim
1149 858 1231 897 alio
1246 857 1445 895 vocabulo
1461 859 1597 906 potest

267 935 445 987 exprimi
471 933 647 972 theatris
673 943 834 982 quoque
865 930 1057 968 indecora
1086 928 1288 979 laudatio)
1321 927 1432 975 large
1464 938 1599 975 snper-

268 1011 376 1046 sunt.
433 1006 521 1043 Nos
550 1008 691 1042 tamen
724 1001 859 1040 adhue
889 1004 929 1038 et
958 999 1119 1037 utilitas
1153 998 1376 1036 amicorum
1415 1001 1455 1035 et
1494 996 1599 1034 ratio

269 1076 418 1116 aetatis
449 1078 631 1112 moratur
660 1085 706 1110 ao
736 1071 909 1109 retinet:
946 1082 1134 1107 veremur
1163 1069 1271 1106 enim
1301 1080 1350 1105 ne
1381 1068 1488 1105 forte
1518 1079 1598 1103 non

269 1148 344 1186 has
365 1144 638 1194 indignitates
659 1141 877 1192 reliquisse
898 1140 970 1179 sed
993 1140 1172 1177 laborem
1195 1138 1352 1187 fugisse
1374 1137 1596 1174 videamur.

271 1218 420 1256 Sumus
449 1220 589 1254 tamen
610 1213 742 1259 >solito
772 1211 958 1259 rariores,
982 1209 1091 1260 quod
1118 1208 1285 1247 initium
1313 1211 1376 1246 est
1396 1206 1599 1255 gradatim

271 1285 499 1326 desinendi.
556 1283 671 1322 Vale.

814 1358 881 1398 26.
923 1356 1051 1407 (XV.)

550 1458 587 1491 C.
623 1455 815 1489 PLINIUS
846 1453 1132 1486 VALERIANO
1165 1451 1253 1485 SUO
1286 1451 1318 1483 S.

533 1548 625 1580 How
641 1547 722 1578 cloes
740 1545 955 1578 Valerianus
973 1544 1041 1575 ΗΜ
1059 1543 1114 1574 his
1132 1542 1314 1581 nero-farm
1331 1540 1349 1573 ?

328 1638 417 1684 Quo
429 1636 551 1675 modo
565 1640 607 1674 te
622 1638 780 1672 veteres
798 1632 926 1670 Marsi
940 1631 1001 1669 tui
1015 1632 1034 1668 P
1066 1642 1146 1679 quo
1162 1629 1282 1666 modo
1296 1626 1449 1677 emptio
1465 1637 1570 1663 nova
1583 1626 1602 1662 ἱ)

276 1708 450 1746 Placent
465 1706 565 1755 agri,
580 1709 801 1756 postquam
814 1702 877 1740 tui
893 1701 995 1739 faeti
1013 1704 1109 1738 sunt
1121 1701 1141 1737 ‘3
1191 1699 1346 1736 Rarum
1361 1696 1403 1734 id
1418 1696 1602 1746 quidem:

277 1777 384 1816 nihil
405 1777 516 1815 enim
537 1787 665 1825 aeque
691 1777 852 1822 gratum
875 1776 938 1810 est
959 1770 1121 1820 adeptis
1143 1781 1264 1818 quam
1287 1764 1605 1816 eoncupiscenti-

278 1849 364 1886 bus.
424 1848 493 1884 Me
520 1844 692 1896 praedia
718 1847 907 1881 materna
928 1854 1070 1891 parum
1095 1838 1304 1877 commode
1329 1839 1520 1875 tractant,
1544 1834 1606 1871 de-

280 1918 435 1956 lectant
472 1921 612 1955 tamen
655 1918 702 1952 ut
739 1917 937 1959 materna,
974 1915 1014 1948 et
1052 1908 1208 1958 alioqui
1247 1908 1369 1956 longa.
1406 1903 1607 1955 patientia
1635 1910 1651 1924 ⁰

281 1982 465 2026 obcallur
543 1985 712 2023 Habent
741 1983 851 2021 huno
881 1981 1003 2019 finem
1038 1979 1233 2018 adsiduae
1265 1975 1470 2027 querellae
1499 1972 1606 2023 quod

282 2057 399 2107 queri
428 2056 566 2107 pudet.
625 2054 740 2093 Vale.

813 2127 881 2165 27.
923 2123 1100 2174 (XVII.)

632 2226 669 2257 C.
706 2223 894 2256 PLINIUS
927 2220 1084 2253 GALLO
1117 2218 1205 2251 SUO
1238 2218 1271 2250 S.

554 2316 779 2354 Descrzpcwn
798 2314 840 2353 of
853 2311 992 2351 Pliny's
1010 2309 1227 2341 Laurentino
1244 2307 1340 2338 villa.

339 2405 508 2444 Miraris
529 2417 600 2442 eur
621 2416 684 2441 me
706 2401 1005 2440 Laurentinum
1028 2398 1104 2442 vel,
1128 2397 1161 2434 si
1184 2396 1242 2433 ita
1262 2394 1406 2439 mavis,
1429 2392 1610 2429 Laurens

288 2488 423 2513 meum
450 2478 568 2513 tanto
597 2485 719 2524 opere
749 2471 947 2510 delectet:
980 2468 1141 2506 desines
1172 2465 1324 2511 mirari,
1352 2475 1441 2499 eum
1472 2473 1612 2509 eogno-

1628 934 1663 961 10

1630 1283 1666 1311 15
