1875 2812
657 168 843 202 PLINY’S
877 161 1028 200 STYL‘E
1396 156 1537 196 xxxix

142 294 418 337 MACROBIUS,
439 288 525 327 Sat.
548 299 586 323 V.
610 286 645 323 1.

196 369 398 414 Quattuor
429 367 525 403 sunt
555 373 704 411 genera
733 358 920 407 dicendi,
959 357 1183 407 copiosum,
1213 355 1257 393 in
1291 367 1372 404 quo
1401 354 1542 393 Cicero

145 432 404 478 dominatur,
434 429 570 474 breve,
601 427 644 464 in
670 415 755 475 ¹quo
787 423 1009 462 Sallustius
1039 425 1205 469 regnat,
1237 420 1402 467 siccum,
1434 418 1543 468 quod

145 495 346 537 Frontoni
380 491 650 539 adscribitur,
694 490 847 540 pingue
882 492 923 525 et
956 486 1159 534 floridum,
1194 485 1237 522 in
1266 497 1347 534 quo
1380 483 1543 521 Plinius

149 561 360 602 Secundus
390 557 594 608 quondam
627 559 669 593 et
698 566 806 591 nunc
836 552 951 590 nullo
981 554 1168 589 veterum
1197 549 1330 587 minor
1365 548 1545 599 Symma-

147 628 248 666 chus
269 624 515 663 luxuriatur.

152 749 362 786 SIDONIUS
393 742 710 786 APOLLINARIS,
733 750 759 775 1.
783 737 817 774 1.

204 819 417 872 Epistolas
447 829 600 863 omnes,
625 812 861 852 retractatis
891 809 1198 860 exemplaribus
1228 805 1548 854 enucleatisque,

154 900 234 926 uno
276 883 486 923 volumine
529 879 751 925 includam,
795 877 839 922 Q.
886 874 1123 926 Symmachi
1161 871 1472 915 rotunditatem,
1507 869 1548 907 C.

154 951 284 990 Plinii
304 948 570 999 disciplinam
591 943 971 990 maturitatemque,
989 937 1178 987 vestigiis
1199 933 1551 987 praesumptuosis

156 1014 417 1055 insecuturis.

158 1123 224 1160 ID.
248 1133 304 1158 iv.
326 1121 362 1158 3.

214 1197 257 1236 Si
291 1206 404 1233 reare
439 1202 689 1243 quemquam
722 1186 960 1225 mortalium
997 1183 1079 1235 (cui
1117 1186 1257 1221 tamen
1295 1177 1557 1219 sermocinari

161 1260 380 1300 Latialiter
410 1257 522 1295 cordi
552 1257 631 1307 est)
663 1266 745 1291 non
776 1263 937 1302 pavere,
969 1262 1094 1299 quum
1125 1247 1168 1284 in
1198 1257 1369 1284 examen
1399 1243 1558 1282 aurium

162 1331 337 1373 tuarum,
355 1323 508 1373 quippe
527 1320 717 1370 scriptus,
735 1316 972 1361 adducitur,
996 1318 1173 1359 tuarum,
1192 1311 1371 1360 inquam,
1387 1307 1558 1353 aurium,

164 1403 337 1442 quarum
366 1387 552 1438 peritiae,
576 1385 610 1423 si
640 1395 704 1421 me
734 1383 999 1420 decursorum
1029 1378 1081 1415 ad
1110 1377 1185 1414 hoc
1209 1375 1299 1413 aevi
1330 1378 1560 1422 temporum

164 1453 452 1507 praerogativa
489 1463 572 1488 non
610 1449 767 1493 obruat,
802 1457 877 1483 nec
910 1442 1205 1481 Frontiniauae
1241 1438 1458 1488 gravitatis
1492 1439 1562 1473 aut

166 1518 360 1571 ponderis
394 1513 619 1567 Apuleiani
652 1512 812 1550 fulmen
846 1508 1121 1558 afflpiiparem,
1157 1504 1222 1542 cui
1255 1504 1459 1542 Varrones
1498 1501 1562 1537 vel

168 1584 371 1623 Atacinus
397 1581 464 1619 vel
494 1577 726 1623 Terentius,
749 1574 879 1613 Plinii
903 1573 965 1610 vel
996 1569 1224 1609 avunculus
1244 1568 1310 1606 vel
1342 1566 1562 1613 Secundus,

169 1647 386 1699 compositi
411 1642 799 1696 impraesentiarum
820 1637 1140 1677 rusticabuntur.

172 1758 236 1795 ID.
259 1769 315 1794 lv.
338 1755 401 1793 22.

464 1828 553 1877 Ego
572 1824 725 1873 Plinio,
745 1826 794 1861 ut
814 1818 1056 1871 discipulus,
1079 1817 1266 1865 adsurgo.

175 1943 238 1980 ID.
261 1953 357 1979 VIII.
380 1940 442 1977 10.

230 2018 271 2056 C.
293 2015 456 2054 Plinius
477 2025 552 2064 pro
572 2010 701 2049 Accia
719 2007 889 2047 Variola
911 2005 1005 2056 plus
1031 2002 1184 2053 gloriae
1209 2001 1258 2038 de
1283 1995 1572 2037 centumvirali

178 2085 374 2131 suggestu
402 2080 569 2117 domum
599 2074 755 2121 retulit,
778 2084 901 2122 quam
931 2082 1058 2120 quum
1088 2068 1229 2104 Marco
1259 2063 1399 2113 Ulpio,
1428 2062 1575 2098 incom-

178 2145 353 2197 parabili
373 2142 565 2195 principi,
587 2137 906 2189 comparabilem
927 2131 1221 2184 panegyricum
1242 2128 1361 2166 dixit.

181 2265 490 2304 CAsstORUs.
553 2259 696 2298 olm-on.
719 2257 789 2294 sub
818 2256 1007 2292 Τι’(ιὶαηο.

235 2339 379 2379 Celsus
414 2341 455 2375 et
488 2334 727 2385 Crispinus:
778 2330 859 2368 His
899 2326 1135 2365 consulibus
1170 2321 1333 2360 Plinius
1368 2317 1578 2357 Secundus

182 2401 507 2442 Novocomensis
538 2403 674 2438 orator
703 2400 744 2434 et
772 2393 997 2433 historicus
1036 2387 1212 2437 insignis
1246 2385 1432 2431 habetur,
1466 2381 1579 2419 cuius

185 2468 342 2518 ingenii
363 2466 543 2518 plurima
563 2475 686 2514 opera
707 2462 884 2498 exstant.
