1859 2828
174 180 257 221 102
743 186 781 217 C.
812 184 944 216 PLINI

570 566 760 608 LIBER
805 563 1119 607 OCTAVUS.

744 713 814 752 83.
855 711 952 763 (ΙΙ.)

433 812 443 823 ‘
495 821 533 854 o.
570 820 761 852 PLINIUS
794 818 1022 851 CALvislo
1055 817 1144 850 suo
1178 817 1211 850 s.

179 923 271 954 How
289 922 398 961 Pliny
415 921 543 953 snm-ed
560 920 615 952 che
635 921 705 951 loss
722 919 806 950 with
824 919 880 950 che
899 918 1023 957 bugsers
1041 918 1083 958 os
1102 917 1158 948 his
1175 917 1336 956 vinca-(jes
1352 915 1452 948 when
1469 915 1526 947 the

745 989 826 1020 croy)
836 980 962 1020 failed.

234 1082 324 1120 Alii
362 1081 406 1119 in
443 1079 616 1131 praedia
655 1091 729 1116 sua
776 1076 1108 1128 proficiscuntur,
1148 1079 1195 1114 ut
1234 1073 1527 1125 locupletiores

181 1156 456 1199 revertantur,
493 1164 578 1199 ego,
611 1154 658 1187 ut
689 1148 921 1199 pauperior.
981 1147 1265 1186 Vendideram
1295 1145 1529 1183 vindemias

182 1224 373 1263 certatim
408 1220 737 1271 negotiatoribus
771 1219 1015 1257 ementibus.
1087 1217 1303 1255 Invitabat
1335 1215 1528 1266 pretium,

182 1299 225 1334 et
263 1294 375 1344 quod
412 1297 512 1331 tunc
551 1296 593 1330 et
632 1291 743 1341 quod
782 1290 872 1327 fore
906 1289 1138 1327 videbatur.
1217 1288 1319 1337 Spes
1358 1285 1528 1324 fefellit.

136 1374 154 1401 5
182 1367 287 1404 Erat
318 1363 559 1414 expeditum
595 1361 786 1399 ommibus
821 1360 1034 1398 remittere
1066 1358 1311 1408 aequaliter,
1344 1357 1417 1395 sed
1448 1368 1531 1394 non

185 1436 288 1475 satis
318 1447 470 1473 aecum.
542 1432 650 1470 Mihi
681 1435 819 1470 autem
849 1430 1060 1479 egregium
1093 1429 1137 1466 111
1171 1428 1319 1478 primis
1351 1427 1531 1474 videtur,

184 1511 231 1545 ut
251 1506 355 1544 foris
376 1506 437 1543 ita
457 1504 579 1547 domi,
604 1507 652 1540 ut
676 1503 719 1539 111
742 1501 904 1550 magnis
927 1501 987 1538 ita
1009 1500 1051 1537 in
1077 1499 1229 1550 parvis,
1252 1502 1298 1536 ut
1319 1498 1363 1535 in
1383 1496 1532 1535 alienis

186 1579 245 1616 ita
278 1578 322 1615 in
357 1576 456 1623 suis,
491 1574 649 1623 agitare
689 1573 906 1611 iustitiam.
983 1571 1093 1609 Nam
1130 1570 1164 1608 si
1199 1569 1317 1620 paria
1350 1571 1532 1619 peccata,

186 1661 307 1699 pares
343 1647 469 1685 etiam
504 1645 659 1683 laudes.
731 1644 880 1692 Itaque
915 1641 1106 1679 omnibus
1141 1640 1323 1690 quidem,
1353 1652 1405 1677 ne
1440 1638 1534 1688 quis

121 1728 158 1757 10
187 1719 291 1757 mihi
312 1731 395 1755 non
417 1717 594 1754 donatus
616 1714 761 1762 abiret,
784 1717 946 1764 partem
967 1716 1156 1750 octavam
1179 1710 1303 1761 pretii
1332 1722 1412 1760 quo
1440 1708 1534 1759 quis

187 1792 345 1828 emerat
384 1786 590 1825 concessi:
637 1785 787 1823 deinde
827 1784 887 1821 eis
920 1782 991 1832 qui
1031 1781 1313 1832 amplissimas
1354 1792 1536 1817 summas

189 1859 471 1910 emptionibus
501 1858 805 1906 occupaverant
838 1853 1063 1904 separatim
1094 1851 1295 1890 consului.
1354 1851 1466 1888 Nam
1496 1853 1536 1886 et

189 1943 254 1969 me
292 1929 425 1977 magis
465 1928 659 1965 iuverant
697 1930 739 1963 et
777 1925 911 1962 maius
960 1923 1041 1974 ipsi
1089 1923 1277 1960 fecerant
1327 1921 1534 1959 damnum.

192 2001 328 2050 Igitur
358 2000 418 2037 eis
450 1998 521 2048 qui
557 1996 690 2047 pluris
725 2008 848 2046 quam
885 1995 1027 2032 decem
1060 1993 1230 2031 milibus
1265 1994 1451 2029 emerant
1486 1990 1538 2028 ad

125 2080 161 2108 15
191 2072 308 2109 illam
354 2080 612 2107 communem
651 2071 692 2104 et
730 2065 849 2115 quasi
898 2064 1107 2115 publicam
1157 2066 1346 2100 octavam
1394 2060 1536 2099 addidi

192 2142 396 2179 decimam
446 2139 534 2176 eius
575 2149 757 2175 summae
797 2148 878 2185 qua
917 2135 1058 2172 decem
1098 2133 1217 2170 milia
1261 2134 1536 2170 excesserant.

192 2213 347 2251 Vereor
377 2222 428 2247 ne
458 2221 605 2259 parum
634 2205 934 2256 expresserim3
975 2204 1160 2254 apertius
1190 2203 1372 2241 calculos
1407 2204 1539 2239 osten-

193 2283 300 2320 dam.
380 2280 423 2317 si
458 2279 530 2328 qui
565 2278 673 2315 forte
710 2276 946 2326 quindecim
983 2274 1152 2312 milibus
1187 2276 1383 2320 emerant,
1419 2271 1464 2309 hi
1498 2274 1540 2308 et

194 2350 434 2402 quindecim
460 2349 622 2386 milium
647 2352 835 2385 octavam
864 2349 905 2383 et
933 2345 1118 2394 quinque
1146 2344 1309 2381 milium
1338 2342 1538 2380 decimam

127 2430 166 2458 20
194 2423 393 2461 tulerunt.
452 2421 686 2466 Praeterea,
712 2431 803 2455 cum
833 2420 1067 2466 reputarem
1096 2415 1295 2464 quosdam
1324 2426 1373 2450 ex
1399 2412 1539 2450 debito

196 2493 469 2542 aliquantum,
497 2489 698 2539 quosdam
726 2487 900 2537 aliquid,
925 2486 1125 2536 quosdam
1153 2484 1261 2522 nihil
1292 2482 1538 2533 reposuisse,

1558 1298 1577 1327 to

1568 2421 1586 2448 (3
