1875 2812
444 352 497 401 C.
551 352 733 399 PLINI
791 350 1056 399 CAECILI
1115 348 1399 397 SECUNDI

482 471 562 509 AD
594 426 913 509 TRAIANUM
946 467 1371 507 IMPERATOREM

529 577 812 625 TRAIANI
869 573 1322 623 IMPERATORIS

768 695 848 733 AD
884 695 1143 734 PLINIUM

633 833 1222 888 EPISTULARUM

828 981 1028 1021 LIBER.

824 1121 922 1161 101.
963 1119 1034 1171 (1.)

493 1228 531 1260 C.
568 1227 761 1259 PLINIUS
793 1226 1011 1257 TRAIANO
1046 1224 1361 1257 IMPERATORI.

402 1326 718 1367 Conyratulacz'mzs
743 1329 775 1356 to
801 1325 855 1356 the
880 1324 1054 1364 Emperor
1079 1332 1171 1363 upon
1197 1323 1250 1354 his
1275 1323 1462 1354 accession.

223 1433 239 1461 1
321 1424 410 1461 Tua
443 1422 609 1472 quidem
644 1422 790 1471 pietas,
822 1421 1043 1470 imperator
1078 1419 1347 1465 sanctissime,
1378 1422 1593 1468 optaverat

268 1498 314 1531 ut
334 1506 457 1542 quam
478 1491 714 1530 tardissime
737 1490 972 1528 succederes
995 1489 1124 1539 patri3
1158 1489 1228 1526 sed
1257 1489 1323 1526 dei
1353 1488 1594 1525 inmortales

269 1563 574 1601 festinaverunt
604 1561 779 1598 virtutes
810 1564 904 1597 tuas
933 1559 984 1597 ad
1015 1558 1290 1607 gubernacula
1318 1558 1377 1595 rei
1407 1557 1594 1607 publicae

223 1641 241 1669 2
270 1645 391 1682 (piam
414 1643 650 1681 susceperas
681 1630 908 1668 admovere.
968 1630 1117 1666 Precor
1148 1641 1242 1677 ergo
1270 1632 1318 1665 ut
1347 1628 1423 1665 tibi
1453 1631 1494 1665 et
1523 1640 1595 1677 per

269 1707 310 1740 te
340 1701 479 1751 generi
508 1701 686 1738 humano
717 1712 912 1749 prospera
941 1699 1088 1746 omnia,
1116 1698 1159 1735 id
1188 1702 1250 1736 est
1279 1697 1404 1746 digna
1433 1697 1595 1735 saeculo
1622 1709 1640 1738 5

270 1778 341 1810 tuo
362 1771 613 1819 contingant.
673 1771 837 1806 Fortem
859 1774 899 1806 te
921 1773 961 1806 et
982 1768 1167 1815 hilarem,
1185 1768 1407 1818 imperator
1428 1766 1594 1817 optime,

271 1846 312 1880 et
331 1841 527 1892 privatim
548 1844 588 1878 et
610 1840 770 1890 publice
797 1843 904 1889 opto.

819 1977 916 2016 102.
951 1975 1047 2027 (11.)

504 2083 542 2114 C.
578 2082 768 2113 PLINIUS
799 2080 1017 2112 TRAIANO
1052 2080 1365 2113 IMPERATORI.

433 2177 576 2209 Tlmnlcs
593 2177 656 2216 for
679 2176 733 2207 me
757 2179 861 2215 gyrant
887 2176 928 2215 of
947 2176 1001 2206 [lie
1026 2174 1079 2205 ius
1105 2175 1211 2206 trium
1236 2175 1438 2206 liberorum.

230 2275 244 2303 1
327 2264 580 2314 Exprimere,
603 2263 778 2309 domiue,
800 2262 936 2299 verbis
966 2275 1045 2299 11011
1077 2275 1242 2312 possum
1265 2266 1465 2311 quantum
1496 2261 1597 2299 mihi

275 2334 469 2383 gaudium
501 2333 703 2374 attuleris,
734 2332 842 2380 quod
878 2344 940 2368 me
971 2332 1139 2379 dignum
1171 2332 1325 2381 putasti
1358 2332 1444 2370 iure
1474 2332 1598 2369 trium

276 2404 508 2442 liberorum.
584 2401 781 2446 Quamvis
825 2401 933 2438 enim
978 2401 1055 2437 Iuli
1097 2401 1295 2445 Serviani,
1336 2401 1482 2451 optimi
1523 2401 1599 2437 viri
1630 2411 1665 2438 111

276 2474 419 2523 tuique
448 2471 732 2517 amantissimi,
756 2471 944 2520 precibus
975 2471 1209 2518 indulseris,
1231 2476 1367 2509 tamen
1398 2471 1521 2509 etiam
1551 2484 1600 2508 ex

914 2536 970 2565 121
