1875 2812
691 185 1040 219 ErrsrunARUM
1072 185 1174 216 vm.
1202 184 1233 216 4.
1535 174 1619 215 103

287 315 550 353 nequaquam
578 314 722 339 verum
750 300 993 348 arbitrabar,
1024 311 1126 349 quos
1157 311 1240 336 non
1270 300 1490 347 aequasset
1517 296 1620 334 fides

241 382 259 411 7
288 373 521 421 solutionis,
544 372 620 409 hos
646 371 904 426 benignitate
932 369 1187 407 remissionis
1214 379 1401 417 aequare.
1459 367 1621 404 Rursus

288 456 384 493 ergo
413 443 472 481 eis
503 442 573 492 qui
604 441 812 480 solverant
841 440 929 478 eius
959 439 1070 489 quod
1096 438 1305 476 solverant
1337 437 1538 475 decimam
1567 448 1623 473 re-

288 513 395 552 misi.
452 514 533 550 Per
559 512 636 549 hoe
663 511 774 548 enim
794 510 1008 560 aptissime
1030 513 1070 546 et
1090 509 1133 546 in
1155 507 1425 558 praeteritum
1447 506 1623 555 singulis

289 597 363 634 pro
393 583 590 632 cuiusque
620 581 768 618 merito
792 580 926 629 gratia
952 579 1111 626 referri,
1133 583 1175 616 et
1196 578 1239 615 in
1264 578 1453 615 futurum
1482 588 1622 614 omnes

290 666 383 692 eum
412 653 465 691 ad
495 651 711 690 emendum
743 652 833 688 tum
863 650 989 687 etiam
1019 649 1071 686 ad
1101 648 1345 687 solvendum
1374 646 1486 684 allioi
1515 646 1625 683 vide-

245 734 263 763 8
290 724 451 762 bantur.
510 723 663 770 Magno
692 720 795 758 mihi
826 732 897 758 seu
927 719 1032 757 ratio
1056 718 1156 756 haee
1182 729 1253 756 seu
1280 716 1464 754 facilitas
1495 715 1623 762 stetit,

292 793 364 832 sed
393 793 477 830 fuit
502 791 621 830 tanti.
680 791 791 828 Nam
818 789 982 837 regione
1009 792 1098 826 tota
1124 791 1165 825 et
1184 787 1347 825 novitas
1371 785 1625 823 remissionis

292 867 333 902 et
366 863 500 901 forma
533 861 737 899 laudatur.
806 860 871 897 Ex
900 859 1003 909 ipsis
1033 858 1168 905 etiam,
1204 870 1305 906 quos
1338 869 1421 893 non
1454 868 1546 903 una,
1580 859 1627 892 ut

294 933 458 979 dieitur,
478 932 634 982 pertica
650 929 936 969 seddistinete
958 928 1245 977 gradatimque
1266 926 1454 973 tractavi,
1473 928 1627 975 quanto

294 1003 388 1053 quis
412 1002 558 1040 melior
584 1006 625 1039 et
652 1001 816 1051 probior
842 1003 960 1038 tanto
987 998 1090 1035 mihi
1111 997 1334 1045 obligatior,
1352 996 1467 1043 abiit,
1490 1007 1629 1045 exper-

294 1078 363 1112 tus
382 1085 466 1110 non
486 1084 574 1111 esse
595 1071 707 1121 apud
727 1083 790 1108 me
813 1073 850 1110 ἐν
870 1070 906 1108 δὲ
928 1071 965 1121 ἰῇ
981 1070 1071 1120 τιμῇ
1090 1069 1183 1118 ἠμὲν
1199 1069 1307 1108 κακὸς
1323 1066 1387 1116 ἠδὲ
1403 1067 1461 1104 καὶ
1478 1065 1626 1106 ἐσθλός.

294 1143 409 1183 Vale.

854 1253 923 1292 84.
964 1251 1074 1302 (iv.)

619 1366 658 1399 C.
693 1365 884 1398 PLINIUS
917 1363 1117 1396 CANINIO
1151 1362 1239 1395 SUO
1272 1362 1305 1395 S.

486 1464 662 1498 Caninius
681 1465 710 1495 is
728 1468 760 1496 to
779 1464 875 1495 write
893 1472 914 1494 α
926 1472 1029 1502 poem
1048 1471 1093 1493 on
1111 1461 1166 1493 the
1184 1461 1327 1492 Daciam
1344 1468 1445 1491 wars.

254 1570 270 1598 1
354 1561 520 1612 Optime
559 1561 664 1599 facis
703 1560 811 1610 quod
849 1558 1003 1597 bellum
1043 1557 1241 1595 Daeioum
1284 1556 1460 1595 seribere
1498 1566 1643 1605 paras.-

300 1633 407 1670 Nam
443 1643 546 1681 quae
580 1635 665 1668 tam
700 1642 854 1676 reeens,
889 1633 975 1666 tam
1005 1628 1182 1677 eopiosa,
1212 1632 1297 1665 tam
1328 1626 1424 1673 lata,
1456 1625 1632 1674 denique

301 1706 387 1740 tam
406 1701 579 1751 poetica,
601 1705 642 1738 et
669 1711 919 1750 quamquam
940 1698 982 1735 in
1003 1697 1231 1736 verissimis
1259 1696 1391 1742 rebus,
1414 1699 1499 1733 tam
1519 1694 1634 1732 fabu-

255 1779 274 1807 2
302 1772 390 1809 losa
416 1770 622 1809 materia?
679 1770 802 1807 Dices
827 1768 999 1806 inmissa
1023 1767 1145 1805 terris
1174 1779 1279 1804 nova
1302 1765 1485 1812 flumina,
1507 1776 1634 1802 novos

302 1845 449 1892 pontes
505 1839 746 1877 fluminibus
794 1838 979 1885 iniectos,
1028 1837 1187 1875 insessa
1237 1835 1384 1874 eastris
1431 1833 1633 1872 montium

303 1911 491 1961 abrupta,
526 1909 693 1960 pulsum
723 1909 847 1957 regia,
882 1907 1048 1958 pulsum
1082 1907 1210 1944 etiam
1243 1906 1332 1943 vita
1360 1917 1497 1952 regem
1526 1903 1634 1940 nihil

304 1982 612 2031 desperantem3
644 1991 766 2028 super
800 1978 912 2025 haee,
943 1981 1055 2015 actos
1088 1976 1150 2014 bis
1185 1975 1430 2025 triumphos,
1462 1986 1634 2022 quorum
1664 1986 1669 1995 ⁴

304 2051 409 2089 alter
447 2063 497 2088 ex
535 2049 692 2087 invicta
731 2052 850 2096 gente
889 2047 1060 2097 primus,
1100 2046 1205 2084 alter
1252 2044 1502 2082 novissimus
1541 2042 1633 2079 fuit.

259 2130 278 2158 3
307 2123 404 2160 Una
427 2120 498 2159 sed
525 2119 706 2157 maxima
730 2117 964 2165 difficultas,
991 2117 1100 2166 quod
1128 2116 1228 2154 haee
1257 2126 1433 2164 aequare
1465 2112 1637 2151 dic-endo

305 2191 480 2229 arduum
509 2190 754 2235 inmensum,
783 2188 906 2225 etiam
938 2191 1010 2224 tuo
1040 2186 1218 2234 ingenio⁷
1249 2196 1499 2234 quamquam
1527 2182 1638 2220 altis-

308 2261 409 2299 sime
439 2260 635 2309 adsurgat
665 2262 706 2296 et
735 2257 1005 2307 amplissimis
1036 2256 1226 2306 operibus
1258 2255 1470 2292 increscat.
1541 2253 1638 2290 Non

306 2331 448 2368 nullus
487 2334 529 2367 et
567 2329 611 2366 in
644 2329 717 2366 illo
751 2328 866 2366 labor
899 2332 945 2364 ut
978 2327 1152 2365 barbara
1185 2329 1226 2363 et
1260 2325 1350 2362 fera
1382 2323 1560 2370 nomina,
1595 2322 1638 2359 in
1688 2334 1701 2340 ⁸

261 2412 280 2440 4
307 2400 452 2451 primis
474 2399 582 2448 regis
603 2398 746 2448 ipsius,
769 2397 938 2436 Graecis
963 2396 1150 2434 versibus
1178 2408 1261 2432 non
1285 2393 1499 2431 resultent.
1559 2392 1639 2429 Sed

307 2470 416 2508 nihil
450 2473 513 2508 est
547 2468 657 2518 quod
689 2480 771 2505 non
804 2471 892 2505 arte
930 2479 1120 2515 curaque,
1156 2465 1191 2503 si
1225 2477 1308 2502 non
1345 2466 1482 2513 potest
1515 2461 1638 2508 vinei7

1651 586 1669 613 (Α

1656 936 1692 965 10

1662 1632 1698 1660 15
