<?xml version="1.0" encoding="UTF-8"?>
<!DOCTYPE html PUBLIC "-//W3C//DTD XHTML 1.0 Transitional//EN"
    "http://www.w3.org/TR/xhtml1/DTD/xhtml1-transitional.dtd">
<html xmlns="http://www.w3.org/1999/xhtml" xml:lang="en" lang="en">
 <head>
  <title>
</title>
<meta http-equiv="Content-Type" content="text/html;charset=utf-8" />
  <meta name='ocr-system' content='tesseract 3.04.00' />
  <meta name='ocr-capabilities' content='ocr_page ocr_carea ocr_par ocr_line ocrx_word'/>
</head>
<body>
  <div class='ocr_page' id='page_1' title='image "./cplinisecundiepi00plinuoft_0131.png"; bbox 0 0 1875 2812; ppageno 0'>
   <div class='ocr_carea' id='block_1_1' title="bbox 678 202 1598 244">
    <p class='ocr_par' dir='ltr' id='par_1_1' title="bbox 678 202 1598 244">
     <span class='ocr_line' id='line_1_1' title="bbox 678 202 1598 244; baseline 0.009 -8"><span class='ocrx_word' id='word_1_1' title='bbox 678 205 1022 237; x_wconf 70' lang='lat' dir='ltr'>EPISTULARUM</span> <span class='ocrx_word' id='word_1_2' title='bbox 1054 206 1116 238; x_wconf 90' lang='lat' dir='ltr'>VI.</span> <span class='ocrx_word' id='word_1_3' title='bbox 1143 206 1192 238; x_wconf 88' lang='lat'>16.</span> <span class='ocrx_word' id='word_1_4' title='bbox 1545 202 1598 244; x_wconf 79' lang='lat'>85</span> 
     </span>
    </p>
   </div>
   <div class='ocr_carea' id='block_1_2' title="bbox 267 320 1599 442">
    <p class='ocr_par' dir='ltr' id='par_1_2' title="bbox 267 320 1599 442">
     <span class='ocr_line' id='line_1_2' title="bbox 269 320 1595 371; baseline 0.003 -14"><span class='ocrx_word' id='word_1_5' title='bbox 269 320 374 357; x_wconf 89' lang='lat' dir='ltr'>Tum</span> <span class='ocrx_word' id='word_1_6' title='bbox 396 331 438 358; x_wconf 89' lang='lat' dir='ltr'>se</span> <span class='ocrx_word' id='word_1_7' title='bbox 459 320 589 369; x_wconf 89' lang='lat' dir='ltr'>quieti</span> <span class='ocrx_word' id='word_1_8' title='bbox 610 320 738 368; x_wconf 88' lang='lat' dir='ltr'>dedit,</span> <span class='ocrx_word' id='word_1_9' title='bbox 759 326 800 358; x_wconf 85' lang='lat' dir='ltr'>et</span> <span class='ocrx_word' id='word_1_10' title='bbox 821 321 981 370; x_wconf 88' lang='lat' dir='ltr'>quievit</span> <span class='ocrx_word' id='word_1_11' title='bbox 1003 321 1217 360; x_wconf 84' lang='lat' dir='ltr'>verissimo</span> <span class='ocrx_word' id='word_1_12' title='bbox 1247 322 1411 371; x_wconf 86' lang='lat' dir='ltr'>quidem</span> <span class='ocrx_word' id='word_1_13' title='bbox 1443 336 1595 361; x_wconf 89' lang='lat' dir='ltr'>somno.</span> 
     </span>
     <span class='ocr_line' id='line_1_3' title="bbox 267 389 1599 442; baseline 0.003 -15"><span class='ocrx_word' id='word_1_14' title='bbox 267 389 378 427; x_wconf 87' lang='lat' dir='ltr'>Nam</span> <span class='ocrx_word' id='word_1_15' title='bbox 398 393 558 428; x_wconf 84' lang='lat' dir='ltr'>meatus</span> <span class='ocrx_word' id='word_1_16' title='bbox 585 390 758 438; x_wconf 85' lang='lat' dir='ltr'>animae,</span> <span class='ocrx_word' id='word_1_17' title='bbox 780 391 850 440; x_wconf 89' lang='lat' dir='ltr'>qui</span> <span class='ocrx_word' id='word_1_18' title='bbox 883 391 945 428; x_wconf 91' lang='grc'><strong>1111</strong></span> <span class='ocrx_word' id='word_1_19' title='bbox 975 395 1142 441; x_wconf 87' lang='lat' dir='ltr'>propter</span> <span class='ocrx_word' id='word_1_20' title='bbox 1171 392 1489 442; x_wconf 87' lang='lat' dir='ltr'>amplitudinem</span> <span class='ocrx_word' id='word_1_21' title='bbox 1517 406 1599 432; x_wconf 87' lang='lat' dir='ltr'>cor-</span> 
     </span>
    </p>
   </div>
   <div class='ocr_carea' id='block_1_3' title="bbox 216 459 1598 511">
    <p class='ocr_par' dir='ltr' id='par_1_3' title="bbox 216 459 1598 511">
     <span class='ocr_line' id='line_1_4' title="bbox 216 459 1598 511; baseline 0.004 -14"><span class='ocrx_word' id='word_1_22' title='bbox 216 495 225 504; x_wconf 67' lang='lat'>,</span> <span class='ocrx_word' id='word_1_23' title='bbox 268 459 380 509; x_wconf 89' lang='lat' dir='ltr'>poris</span> <span class='ocrx_word' id='word_1_24' title='bbox 401 460 564 508; x_wconf 84' lang='lat' dir='ltr'>gravior</span> <span class='ocrx_word' id='word_1_25' title='bbox 585 463 625 498; x_wconf 90' lang='lat' dir='ltr'>et</span> <span class='ocrx_word' id='word_1_26' title='bbox 646 460 859 498; x_wconf 88' lang='lat' dir='ltr'>sonantior</span> <span class='ocrx_word' id='word_1_27' title='bbox 879 465 978 510; x_wconf 89' lang='lat' dir='ltr'>erat,</span> <span class='ocrx_word' id='word_1_28' title='bbox 1001 462 1052 499; x_wconf 89' lang='lat' dir='ltr'>ab</span> <span class='ocrx_word' id='word_1_29' title='bbox 1075 462 1134 499; x_wconf 88' lang='lat' dir='ltr'>eis</span> <span class='ocrx_word' id='word_1_30' title='bbox 1156 462 1227 511; x_wconf 89' lang='lat' dir='ltr'>qui</span> <span class='ocrx_word' id='word_1_31' title='bbox 1256 462 1391 500; x_wconf 90' lang='lat' dir='ltr'>limini</span> <span class='ocrx_word' id='word_1_32' title='bbox 1413 464 1598 502; x_wconf 86' lang='lat' dir='ltr'>obversa—</span> 
     </span>
    </p>
   </div>
   <div class='ocr_carea' id='block_1_4' title="bbox 204 534 241 562">
    <p class='ocr_par' dir='ltr' id='par_1_4' title="bbox 204 534 241 562">
     <span class='ocr_line' id='line_1_5' title="bbox 204 534 241 562; baseline 0.027 -1"><span class='ocrx_word' id='word_1_33' title='bbox 204 534 241 562; x_wconf 86' lang='lat'>14</span> 
     </span>
    </p>
   </div>
   <div class='ocr_carea' id='block_1_5' title="bbox 205 818 241 846">
    <p class='ocr_par' dir='ltr' id='par_1_5' title="bbox 205 818 241 846">
     <span class='ocr_line' id='line_1_6' title="bbox 205 818 241 846; baseline 0 0"><span class='ocrx_word' id='word_1_34' title='bbox 205 818 241 846; x_wconf 88' lang='grc'><strong>15</strong></span> 
     </span>
    </p>
   </div>
   <div class='ocr_carea' id='block_1_6' title="bbox 206 1026 241 1053">
    <p class='ocr_par' dir='ltr' id='par_1_6' title="bbox 206 1026 241 1053">
     <span class='ocr_line' id='line_1_7' title="bbox 206 1026 241 1053; baseline 0 0"><span class='ocrx_word' id='word_1_35' title='bbox 206 1026 241 1053; x_wconf 82' lang='grc'>16</span> 
     </span>
    </p>
   </div>
   <div class='ocr_carea' id='block_1_7' title="bbox 211 1725 246 1753">
    <p class='ocr_par' dir='ltr' id='par_1_7' title="bbox 211 1725 246 1753">
     <span class='ocr_line' id='line_1_8' title="bbox 211 1725 246 1753; baseline 0 0"><span class='ocrx_word' id='word_1_36' title='bbox 211 1725 246 1753; x_wconf 87' lang='grc'><strong>18</strong></span> 
     </span>
    </p>
   </div>
   <div class='ocr_carea' id='block_1_8' title="bbox 216 1937 250 1963">
    <p class='ocr_par' dir='ltr' id='par_1_8' title="bbox 216 1937 250 1963">
     <span class='ocr_line' id='line_1_9' title="bbox 216 1937 250 1963; baseline -0.059 0"><span class='ocrx_word' id='word_1_37' title='bbox 216 1937 250 1963; x_wconf 73' lang='grc'>19</span> 
     </span>
    </p>
   </div>
   <div class='ocr_carea' id='block_1_9' title="bbox 215 2215 253 2244">
    <p class='ocr_par' dir='ltr' id='par_1_9' title="bbox 215 2215 253 2244">
     <span class='ocr_line' id='line_1_10' title="bbox 215 2215 253 2244; baseline 0 0"><span class='ocrx_word' id='word_1_38' title='bbox 215 2215 253 2244; x_wconf 87' lang='grc'>20</span> 
     </span>
    </p>
   </div>
   <div class='ocr_carea' id='block_1_10' title="bbox 219 2426 255 2455">
    <p class='ocr_par' dir='ltr' id='par_1_10' title="bbox 219 2426 255 2455">
     <span class='ocr_line' id='line_1_11' title="bbox 219 2426 255 2455; baseline -0.028 0"><span class='ocrx_word' id='word_1_39' title='bbox 219 2426 255 2455; x_wconf 86' lang='grc'>21</span> 
     </span>
    </p>
   </div>
   <div class='ocr_carea' id='block_1_11' title="bbox 268 529 1598 580">
    <p class='ocr_par' dir='ltr' id='par_1_11' title="bbox 268 529 1598 580">
     <span class='ocr_line' id='line_1_12' title="bbox 268 529 1598 580; baseline 0.003 -12"><span class='ocrx_word' id='word_1_40' title='bbox 268 530 419 568; x_wconf 79' lang='lat' dir='ltr'>bantur</span> <span class='ocrx_word' id='word_1_41' title='bbox 439 529 694 568; x_wconf 69' lang='lat' dir='ltr'>audiebatur.</span> <span class='ocrx_word' id='word_1_42' title='bbox 754 530 835 568; x_wconf 80' lang='lat' dir='ltr'>Sed</span> <span class='ocrx_word' id='word_1_43' title='bbox 855 544 949 568; x_wconf 84' lang='lat' dir='ltr'>area</span> <span class='ocrx_word' id='word_1_44' title='bbox 970 544 1019 568; x_wconf 79' lang='lat' dir='ltr'>ex</span> <span class='ocrx_word' id='word_1_45' title='bbox 1041 544 1122 580; x_wconf 88' lang='lat' dir='ltr'>qua</span> <span class='ocrx_word' id='word_1_46' title='bbox 1150 532 1289 570; x_wconf 86' lang='lat' dir='ltr'>diaeta</span> <span class='ocrx_word' id='word_1_47' title='bbox 1317 533 1508 571; x_wconf 84' lang='lat' dir='ltr'>adibatur</span> <span class='ocrx_word' id='word_1_48' title='bbox 1537 534 1598 572; x_wconf 87' lang='lat' dir='ltr'>ita</span> 
     </span>
    </p>
   </div>
   <div class='ocr_carea' id='block_1_12' title="bbox 268 599 1639 651">
    <p class='ocr_par' dir='ltr' id='par_1_12' title="bbox 268 599 1639 651">
     <span class='ocr_line' id='line_1_13' title="bbox 268 599 1639 651; baseline 0.002 -15"><span class='ocrx_word' id='word_1_49' title='bbox 268 599 350 637; x_wconf 90' lang='lat' dir='ltr'>iam</span> <span class='ocrx_word' id='word_1_50' title='bbox 372 599 508 637; x_wconf 89' lang='lat' dir='ltr'>cinere</span> <span class='ocrx_word' id='word_1_51' title='bbox 529 600 754 649; x_wconf 72' lang='lat' dir='ltr'>mixtisque</span> <span class='ocrx_word' id='word_1_52' title='bbox 775 601 1007 650; x_wconf 70' lang='lat' dir='ltr'>pumicibus</span> <span class='ocrx_word' id='word_1_53' title='bbox 1029 601 1197 651; x_wconf 78' lang='lat' dir='ltr'>Oppleta</span> <span class='ocrx_word' id='word_1_54' title='bbox 1220 607 1454 640; x_wconf 75' lang='lat' dir='ltr'>surrexerat</span> <span class='ocrx_word' id='word_1_55' title='bbox 1483 608 1539 649; x_wconf 90' lang='lat' dir='ltr'>ut,</span> <span class='ocrx_word' id='word_1_56' title='bbox 1563 605 1596 641; x_wconf 90' lang='lat' dir='ltr'>si</span> <span class='ocrx_word' id='word_1_57' title='bbox 1624 612 1639 639; x_wconf 78' lang='grc' dir='ltr'><strong><em>ῖ</em></strong></span> 
     </span>
    </p>
   </div>
   <div class='ocr_carea' id='block_1_13' title="bbox 267 669 1605 1977">
    <p class='ocr_par' dir='ltr' id='par_1_13' title="bbox 267 669 1605 1977">
     <span class='ocr_line' id='line_1_14' title="bbox 268 669 1596 719; baseline 0.004 -13"><span class='ocrx_word' id='word_1_58' title='bbox 268 669 428 719; x_wconf 78' lang='lat' dir='ltr'>longior</span> <span class='ocrx_word' id='word_1_59' title='bbox 466 669 508 706; x_wconf 91' lang='lat' dir='ltr'>in</span> <span class='ocrx_word' id='word_1_60' title='bbox 547 669 735 707; x_wconf 88' lang='lat' dir='ltr'>cubiculo</span> <span class='ocrx_word' id='word_1_61' title='bbox 769 683 894 718; x_wconf 89' lang='lat' dir='ltr'>mora,</span> <span class='ocrx_word' id='word_1_62' title='bbox 926 670 1062 708; x_wconf 81' lang='lat' dir='ltr'>exitus</span> <span class='ocrx_word' id='word_1_63' title='bbox 1094 676 1320 719; x_wconf 79' lang='lat' dir='ltr'>negaretur.</span> <span class='ocrx_word' id='word_1_64' title='bbox 1379 673 1596 711; x_wconf 78' lang='lat' dir='ltr'>Excitatus</span> 
     </span>
     <span class='ocr_line' id='line_1_15' title="bbox 267 739 1599 791; baseline 0.002 -14"><span class='ocrx_word' id='word_1_65' title='bbox 267 739 453 789; x_wconf 89' lang='lat' dir='ltr'>procedit</span> <span class='ocrx_word' id='word_1_66' title='bbox 488 752 612 789; x_wconf 88' lang='lat' dir='ltr'>seque</span> <span class='ocrx_word' id='word_1_67' title='bbox 651 740 934 790; x_wconf 80' lang='lat' dir='ltr'>Pomponiano</span> <span class='ocrx_word' id='word_1_68' title='bbox 971 741 1199 790; x_wconf 89' lang='lat' dir='ltr'>ceterisque</span> <span class='ocrx_word' id='word_1_69' title='bbox 1229 741 1301 790; x_wconf 89' lang='lat' dir='ltr'>qui</span> <span class='ocrx_word' id='word_1_70' title='bbox 1330 742 1599 791; x_wconf 76' lang='lat' dir='ltr'>pervigilave-</span> 
     </span>
     <span class='ocr_line' id='line_1_16' title="bbox 268 809 1599 856; baseline 0.003 -10"><span class='ocrx_word' id='word_1_71' title='bbox 268 813 362 847; x_wconf 88' lang='lat' dir='ltr'>rant</span> <span class='ocrx_word' id='word_1_72' title='bbox 382 809 530 847; x_wconf 83' lang='lat' dir='ltr'>reddit.</span> <span class='ocrx_word' id='word_1_73' title='bbox 589 810 640 846; x_wconf 85' lang='lat' dir='ltr'>In</span> <span class='ocrx_word' id='word_1_74' title='bbox 660 822 875 847; x_wconf 87' lang='lat' dir='ltr'>commune</span> <span class='ocrx_word' id='word_1_75' title='bbox 900 810 1148 856; x_wconf 74' lang='lat' dir='ltr'>consultant,</span> <span class='ocrx_word' id='word_1_76' title='bbox 1170 810 1282 849; x_wconf 88' lang='lat' dir='ltr'>intra</span> <span class='ocrx_word' id='word_1_77' title='bbox 1310 815 1420 849; x_wconf 89' lang='lat' dir='ltr'>tecta</span> <span class='ocrx_word' id='word_1_78' title='bbox 1449 813 1599 851; x_wconf 85' lang='lat' dir='ltr'>subsis-</span> 
     </span>
     <span class='ocr_line' id='line_1_17' title="bbox 268 880 1597 931; baseline 0.002 -15"><span class='ocrx_word' id='word_1_79' title='bbox 268 883 360 917; x_wconf 86' lang='lat' dir='ltr'>tant</span> <span class='ocrx_word' id='word_1_80' title='bbox 406 892 459 917; x_wconf 92' lang='lat' dir='ltr'>an</span> <span class='ocrx_word' id='word_1_81' title='bbox 497 880 540 916; x_wconf 91' lang='lat' dir='ltr'>in</span> <span class='ocrx_word' id='word_1_82' title='bbox 579 883 721 929; x_wconf 87' lang='lat' dir='ltr'>aperto</span> <span class='ocrx_word' id='word_1_83' title='bbox 760 883 971 927; x_wconf 80' lang='lat' dir='ltr'>vagentur.</span> <span class='ocrx_word' id='word_1_84' title='bbox 1046 880 1156 918; x_wconf 83' lang='lat' dir='ltr'>Nam</span> <span class='ocrx_word' id='word_1_85' title='bbox 1195 881 1347 919; x_wconf 81' lang='lat' dir='ltr'>crebris</span> <span class='ocrx_word' id='word_1_86' title='bbox 1386 882 1597 931; x_wconf 82' lang='lat' dir='ltr'>vastisque</span> 
     </span>
     <span class='ocr_line' id='line_1_18' title="bbox 268 949 1598 999; baseline 0.002 -12"><span class='ocrx_word' id='word_1_87' title='bbox 268 950 515 988; x_wconf 83' lang='lat' dir='ltr'>tremoribus</span> <span class='ocrx_word' id='word_1_88' title='bbox 554 953 665 987; x_wconf 88' lang='lat' dir='ltr'>tecta</span> <span class='ocrx_word' id='word_1_89' title='bbox 702 949 905 987; x_wconf 88' lang='lat' dir='ltr'>nutabant</span> <span class='ocrx_word' id='word_1_90' title='bbox 934 953 975 987; x_wconf 90' lang='lat' dir='ltr'>et</span> <span class='ocrx_word' id='word_1_91' title='bbox 1004 951 1124 999; x_wconf 82' lang='lat' dir='ltr'>quasi</span> <span class='ocrx_word' id='word_1_92' title='bbox 1153 954 1288 988; x_wconf 89' lang='lat' dir='ltr'>emota</span> <span class='ocrx_word' id='word_1_93' title='bbox 1317 951 1482 989; x_wconf 89' lang='lat' dir='ltr'>sedibus</span> <span class='ocrx_word' id='word_1_94' title='bbox 1514 952 1598 990; x_wconf 86' lang='lat' dir='ltr'>suis</span> 
     </span>
     <span class='ocr_line' id='line_1_19' title="bbox 268 1019 1599 1059; baseline 0.002 -3"><span class='ocrx_word' id='word_1_95' title='bbox 268 1032 376 1057; x_wconf 91' lang='lat' dir='ltr'>nunc</span> <span class='ocrx_word' id='word_1_96' title='bbox 401 1019 481 1056; x_wconf 89' lang='lat' dir='ltr'>huc</span> <span class='ocrx_word' id='word_1_97' title='bbox 510 1032 619 1056; x_wconf 88' lang='grc'><strong>1111110</strong></span> <span class='ocrx_word' id='word_1_98' title='bbox 649 1019 748 1057; x_wconf 91' lang='grc'><strong>111110</strong></span> <span class='ocrx_word' id='word_1_99' title='bbox 778 1019 889 1057; x_wconf 89' lang='lat' dir='ltr'>abire</span> <span class='ocrx_word' id='word_1_100' title='bbox 920 1024 991 1057; x_wconf 90' lang='lat' dir='ltr'>aut</span> <span class='ocrx_word' id='word_1_101' title='bbox 1021 1020 1167 1057; x_wconf 81' lang='lat' dir='ltr'>referri</span> <span class='ocrx_word' id='word_1_102' title='bbox 1197 1020 1454 1059; x_wconf 83' lang='lat' dir='ltr'>videbantur.</span> <span class='ocrx_word' id='word_1_103' title='bbox 1516 1022 1599 1059; x_wconf 79' lang='lat' dir='ltr'>Sub</span> 
     </span>
     <span class='ocr_line' id='line_1_20' title="bbox 269 1089 1598 1140; baseline 0.002 -14"><span class='ocrx_word' id='word_1_104' title='bbox 269 1089 336 1127; x_wconf 89' lang='lat' dir='ltr'>dio</span> <span class='ocrx_word' id='word_1_105' title='bbox 374 1102 516 1127; x_wconf 88' lang='lat' dir='ltr'>rursus</span> <span class='ocrx_word' id='word_1_106' title='bbox 555 1101 806 1138; x_wconf 88' lang='lat' dir='ltr'>quamquam</span> <span class='ocrx_word' id='word_1_107' title='bbox 852 1089 1007 1126; x_wconf 85' lang='lat' dir='ltr'>levium</span> <span class='ocrx_word' id='word_1_108' title='bbox 1055 1101 1350 1139; x_wconf 72' lang='lat' dir='ltr'>exesorumque</span> <span class='ocrx_word' id='word_1_109' title='bbox 1389 1091 1598 1140; x_wconf 89' lang='lat' dir='ltr'>pumicum</span> 
     </span>
     <span class='ocr_line' id='line_1_21' title="bbox 269 1159 1601 1208; baseline 0.001 -11"><span class='ocrx_word' id='word_1_110' title='bbox 269 1172 388 1197; x_wconf 88' lang='lat' dir='ltr'>casus</span> <span class='ocrx_word' id='word_1_111' title='bbox 408 1159 690 1206; x_wconf 80' lang='lat' dir='ltr'>metuebatur3</span> <span class='ocrx_word' id='word_1_112' title='bbox 722 1159 831 1208; x_wconf 91' lang='lat' dir='ltr'>quod</span> <span class='ocrx_word' id='word_1_113' title='bbox 851 1162 988 1196; x_wconf 87' lang='lat' dir='ltr'>tamen</span> <span class='ocrx_word' id='word_1_114' title='bbox 1021 1159 1296 1208; x_wconf 65' lang='lat' dir='ltr'>periculorum</span> <span class='ocrx_word' id='word_1_115' title='bbox 1326 1160 1494 1198; x_wconf 89' lang='lat' dir='ltr'>collatio</span> <span class='ocrx_word' id='word_1_116' title='bbox 1525 1161 1601 1198; x_wconf 91' lang='lat' dir='ltr'>ele-</span> 
     </span>
     <span class='ocr_line' id='line_1_22' title="bbox 270 1228 1600 1279; baseline 0.001 -12"><span class='ocrx_word' id='word_1_117' title='bbox 270 1229 341 1278; x_wconf 81' lang='lat' dir='ltr'>git.</span> <span class='ocrx_word' id='word_1_118' title='bbox 399 1229 454 1266; x_wconf 88' lang='lat' dir='ltr'>Et</span> <span class='ocrx_word' id='word_1_119' title='bbox 483 1229 603 1278; x_wconf 82' lang='lat' dir='ltr'>apud&#39;</span> <span class='ocrx_word' id='word_1_120' title='bbox 622 1228 742 1266; x_wconf 90' lang='lat' dir='ltr'>illum</span> <span class='ocrx_word' id='word_1_121' title='bbox 771 1228 938 1278; x_wconf 89' lang='lat' dir='ltr'>quidem</span> <span class='ocrx_word' id='word_1_122' title='bbox 976 1229 1081 1266; x_wconf 89' lang='lat' dir='ltr'>ratio</span> <span class='ocrx_word' id='word_1_123' title='bbox 1111 1229 1326 1277; x_wconf 88' lang='lat' dir='ltr'>rationem,</span> <span class='ocrx_word' id='word_1_124' title='bbox 1357 1230 1467 1279; x_wconf 90' lang='lat' dir='ltr'>apud</span> <span class='ocrx_word' id='word_1_125' title='bbox 1497 1231 1600 1268; x_wconf 88' lang='lat' dir='ltr'>alios</span> 
     </span>
     <span class='ocr_line' id='line_1_23' title="bbox 268 1298 1602 1349; baseline 0.001 -13"><span class='ocrx_word' id='word_1_126' title='bbox 268 1299 459 1337; x_wconf 88' lang='lat' dir='ltr'>timorem</span> <span class='ocrx_word' id='word_1_127' title='bbox 488 1299 611 1336; x_wconf 89' lang='lat' dir='ltr'>timor</span> <span class='ocrx_word' id='word_1_128' title='bbox 640 1298 752 1336; x_wconf 82' lang='lat' dir='ltr'>vicit.</span> <span class='ocrx_word' id='word_1_129' title='bbox 823 1298 1052 1337; x_wconf 76' lang='lat' dir='ltr'>Cervicalia</span> <span class='ocrx_word' id='word_1_130' title='bbox 1080 1299 1286 1348; x_wconf 78' lang='lat' dir='ltr'>capitibus</span> <span class='ocrx_word' id='word_1_131' title='bbox 1316 1299 1499 1349; x_wconf 88' lang='lat' dir='ltr'>inposita</span> <span class='ocrx_word' id='word_1_132' title='bbox 1527 1300 1602 1337; x_wconf 92' lang='grc'><strong>1111-</strong></span> 
     </span>
     <span class='ocr_line' id='line_1_24' title="bbox 269 1368 1602 1416; baseline -0.001 -10"><span class='ocrx_word' id='word_1_133' title='bbox 269 1369 348 1407; x_wconf 88' lang='lat' dir='ltr'>teis</span> <span class='ocrx_word' id='word_1_134' title='bbox 387 1368 697 1416; x_wconf 81' lang='lat' dir='ltr'>constringunt:</span> <span class='ocrx_word' id='word_1_135' title='bbox 738 1368 781 1405; x_wconf 89' lang='lat' dir='ltr'>id</span> <span class='ocrx_word' id='word_1_136' title='bbox 810 1368 1113 1405; x_wconf 79' lang='lat' dir='ltr'>munimentum</span> <span class='ocrx_word' id='word_1_137' title='bbox 1148 1369 1345 1407; x_wconf 85' lang='lat' dir='ltr'>adversus</span> <span class='ocrx_word' id='word_1_138' title='bbox 1376 1370 1602 1407; x_wconf 77' lang='lat' dir='ltr'>incidentia</span> 
     </span>
     <span class='ocr_line' id='line_1_25' title="bbox 271 1437 1601 1488; baseline 0 -12"><span class='ocrx_word' id='word_1_139' title='bbox 271 1439 364 1476; x_wconf 81' lang='lat' dir='ltr'>fuit.</span> <span class='ocrx_word' id='word_1_140' title='bbox 424 1438 513 1476; x_wconf 85' lang='lat' dir='ltr'>Iam</span> <span class='ocrx_word' id='word_1_141' title='bbox 535 1438 622 1476; x_wconf 90' lang='lat' dir='ltr'>dies</span> <span class='ocrx_word' id='word_1_142' title='bbox 643 1438 755 1484; x_wconf 86' lang='lat' dir='ltr'>alibi,</span> <span class='ocrx_word' id='word_1_143' title='bbox 778 1437 866 1475; x_wconf 91' lang='grc'><strong>11110</strong></span> <span class='ocrx_word' id='word_1_144' title='bbox 895 1451 977 1475; x_wconf 80' lang='lat' dir='ltr'>nox</span> <span class='ocrx_word' id='word_1_145' title='bbox 1007 1438 1195 1476; x_wconf 89' lang='lat' dir='ltr'>omnibus</span> <span class='ocrx_word' id='word_1_146' title='bbox 1226 1439 1415 1477; x_wconf 88' lang='lat' dir='ltr'>noctibus</span> <span class='ocrx_word' id='word_1_147' title='bbox 1443 1440 1601 1488; x_wconf 83' lang='lat' dir='ltr'>nigrior</span> 
     </span>
     <span class='ocr_line' id='line_1_26' title="bbox 271 1508 1602 1558; baseline 0.002 -13"><span class='ocrx_word' id='word_1_148' title='bbox 271 1508 540 1558; x_wconf 76' lang='lat' dir='ltr'>densiorque3</span> <span class='ocrx_word' id='word_1_149' title='bbox 571 1520 693 1557; x_wconf 85' lang='lat' dir='ltr'>quam</span> <span class='ocrx_word' id='word_1_150' title='bbox 724 1512 864 1545; x_wconf 86' lang='lat' dir='ltr'>tamen</span> <span class='ocrx_word' id='word_1_151' title='bbox 894 1508 1005 1545; x_wconf 74' lang='lat' dir='ltr'>faces</span> <span class='ocrx_word' id='word_1_152' title='bbox 1036 1508 1188 1545; x_wconf 80' lang='lat' dir='ltr'>multae</span> <span class='ocrx_word' id='word_1_153' title='bbox 1220 1508 1414 1557; x_wconf 78' lang='lat' dir='ltr'>variaque</span> <span class='ocrx_word' id='word_1_154' title='bbox 1444 1509 1602 1547; x_wconf 88' lang='lat' dir='ltr'>lumina</span> 
     </span>
     <span class='ocr_line' id='line_1_27' title="bbox 272 1577 1603 1628; baseline -0.001 -12"><span class='ocrx_word' id='word_1_155' title='bbox 272 1578 521 1616; x_wconf 84' lang='lat' dir='ltr'>solabantur.</span> <span class='ocrx_word' id='word_1_156' title='bbox 580 1577 744 1615; x_wconf 80' lang='lat' dir='ltr'>Placuit</span> <span class='ocrx_word' id='word_1_157' title='bbox 765 1577 903 1626; x_wconf 73' lang='lat' dir='ltr'>egredi</span> <span class='ocrx_word' id='word_1_158' title='bbox 933 1577 975 1614; x_wconf 89' lang='lat' dir='ltr'>in</span> <span class='ocrx_word' id='word_1_159' title='bbox 1005 1577 1105 1614; x_wconf 89' lang='lat' dir='ltr'>litus</span> <span class='ocrx_word' id='word_1_160' title='bbox 1135 1582 1175 1615; x_wconf 91' lang='lat' dir='ltr'>et</span> <span class='ocrx_word' id='word_1_161' title='bbox 1205 1590 1254 1614; x_wconf 79' lang='lat' dir='ltr'>ex</span> <span class='ocrx_word' id='word_1_162' title='bbox 1284 1579 1469 1627; x_wconf 80' lang='lat' dir='ltr'>proximo</span> <span class='ocrx_word' id='word_1_163' title='bbox 1499 1579 1603 1628; x_wconf 88' lang='lat' dir='ltr'>aspi-</span> 
     </span>
     <span class='ocr_line' id='line_1_28' title="bbox 271 1647 1603 1697; baseline 0 -12"><span class='ocrx_word' id='word_1_164' title='bbox 271 1660 362 1686; x_wconf 84' lang='lat' dir='ltr'>cere</span> <span class='ocrx_word' id='word_1_165' title='bbox 382 1647 530 1697; x_wconf 89' lang='lat' dir='ltr'>ecquid</span> <span class='ocrx_word' id='word_1_166' title='bbox 551 1647 631 1685; x_wconf 88' lang='lat' dir='ltr'>iam</span> <span class='ocrx_word' id='word_1_167' title='bbox 653 1659 763 1684; x_wconf 88' lang='lat' dir='ltr'>mare</span> <span class='ocrx_word' id='word_1_168' title='bbox 793 1647 1054 1694; x_wconf 83' lang='lat' dir='ltr'>admitteret3</span> <span class='ocrx_word' id='word_1_169' title='bbox 1086 1647 1195 1696; x_wconf 89' lang='lat' dir='ltr'>quod</span> <span class='ocrx_word' id='word_1_170' title='bbox 1225 1647 1358 1685; x_wconf 87' lang='lat' dir='ltr'>adhuc</span> <span class='ocrx_word' id='word_1_171' title='bbox 1380 1652 1541 1685; x_wconf 82' lang='lat' dir='ltr'>vastum</span> <span class='ocrx_word' id='word_1_172' title='bbox 1562 1653 1603 1686; x_wconf 88' lang='lat' dir='ltr'>et</span> 
     </span>
     <span class='ocr_line' id='line_1_29' title="bbox 273 1717 1605 1767; baseline 0 -12"><span class='ocrx_word' id='word_1_173' title='bbox 273 1718 492 1755; x_wconf 88' lang='lat' dir='ltr'>adversum</span> <span class='ocrx_word' id='word_1_174' title='bbox 513 1717 790 1767; x_wconf 82' lang='lat' dir='ltr'>permanebat.</span> <span class='ocrx_word' id='word_1_175' title='bbox 849 1717 915 1753; x_wconf 86' lang='lat' dir='ltr'>Ibi</span> <span class='ocrx_word' id='word_1_176' title='bbox 937 1729 1059 1766; x_wconf 88' lang='lat' dir='ltr'>super</span> <span class='ocrx_word' id='word_1_177' title='bbox 1075 1717 1278 1754; x_wconf 85' lang='lat' dir='ltr'>abiectum</span> <span class='ocrx_word' id='word_1_178' title='bbox 1299 1717 1473 1754; x_wconf 82' lang='lat' dir='ltr'>linteum</span> <span class='ocrx_word' id='word_1_179' title='bbox 1496 1730 1605 1755; x_wconf 90' lang='lat' dir='ltr'>recu—</span> 
     </span>
     <span class='ocr_line' id='line_1_30' title="bbox 274 1786 1605 1838; baseline -0.001 -12"><span class='ocrx_word' id='word_1_180' title='bbox 274 1788 375 1826; x_wconf 87' lang='lat' dir='ltr'>bans</span> <span class='ocrx_word' id='word_1_181' title='bbox 397 1788 523 1827; x_wconf 83' lang='grc' dir='ltr'><strong>30111οΙ</strong></span> <span class='ocrx_word' id='word_1_182' title='bbox 545 1792 668 1838; x_wconf 90' lang='lat' dir='ltr'>atque</span> <span class='ocrx_word' id='word_1_183' title='bbox 689 1788 840 1825; x_wconf 89' lang='lat' dir='ltr'>iterum</span> <span class='ocrx_word' id='word_1_184' title='bbox 862 1786 1057 1835; x_wconf 80' lang='lat' dir='ltr'>frigidam</span> <span class='ocrx_word' id='word_1_185' title='bbox 1079 1799 1227 1835; x_wconf 85' lang='lat' dir='ltr'>aquam</span> <span class='ocrx_word' id='word_1_186' title='bbox 1244 1787 1431 1836; x_wconf 89' lang='lat' dir='ltr'>poposcit</span> <span class='ocrx_word' id='word_1_187' title='bbox 1451 1787 1605 1825; x_wconf 89' lang='lat' dir='ltr'>hausit-</span> 
     </span>
     <span class='ocr_line' id='line_1_31' title="bbox 275 1856 1604 1908; baseline -0.002 -12"><span class='ocrx_word' id='word_1_188' title='bbox 275 1871 365 1908; x_wconf 85' lang='lat' dir='ltr'>que.</span> <span class='ocrx_word' id='word_1_189' title='bbox 423 1858 584 1896; x_wconf 90' lang='lat' dir='ltr'>Deinde</span> <span class='ocrx_word' id='word_1_190' title='bbox 618 1857 807 1895; x_wconf 82' lang='lat' dir='ltr'>flammae</span> <span class='ocrx_word' id='word_1_191' title='bbox 837 1856 1177 1905; x_wconf 84' lang='lat' dir='ltr'>flammarumque</span> <span class='ocrx_word' id='word_1_192' title='bbox 1208 1857 1477 1905; x_wconf 80' lang='lat' dir='ltr'>praenuntius</span> <span class='ocrx_word' id='word_1_193' title='bbox 1507 1857 1604 1894; x_wconf 89' lang='lat' dir='ltr'>odor</span> 
     </span>
     <span class='ocr_line' id='line_1_32' title="bbox 279 1925 1604 1977; baseline 0 -13"><span class='ocrx_word' id='word_1_194' title='bbox 279 1928 458 1977; x_wconf 86' lang='lat' dir='ltr'>sulpuris</span> <span class='ocrx_word' id='word_1_195' title='bbox 479 1926 581 1965; x_wconf 87' lang='lat' dir='ltr'>alios</span> <span class='ocrx_word' id='word_1_196' title='bbox 603 1927 645 1964; x_wconf 89' lang='lat' dir='ltr'>in</span> <span class='ocrx_word' id='word_1_197' title='bbox 666 1928 807 1973; x_wconf 67' lang='lat' dir='ltr'>fugam</span> <span class='ocrx_word' id='word_1_198' title='bbox 830 1929 1010 1971; x_wconf 76' lang='lat' dir='ltr'>vertunt,</span> <span class='ocrx_word' id='word_1_199' title='bbox 1031 1925 1213 1963; x_wconf 83' lang='lat' dir='ltr'>excitant</span> <span class='ocrx_word' id='word_1_200' title='bbox 1234 1925 1362 1962; x_wconf 87' lang='lat' dir='ltr'>illum.</span> <span class='ocrx_word' id='word_1_201' title='bbox 1414 1926 1604 1964; x_wconf 87' lang='lat' dir='ltr'>Innitens</span> 
     </span>
    </p>
   </div>
   <div class='ocr_carea' id='block_1_14' title="bbox 278 1995 1667 2044">
    <p class='ocr_par' dir='ltr' id='par_1_14' title="bbox 278 1995 1667 2044">
     <span class='ocr_line' id='line_1_33' title="bbox 278 1995 1667 2044; baseline -0.001 -9"><span class='ocrx_word' id='word_1_202' title='bbox 278 1998 453 2036; x_wconf 86' lang='lat' dir='ltr'>servulis</span> <span class='ocrx_word' id='word_1_203' title='bbox 494 1996 650 2034; x_wconf 86' lang='lat' dir='ltr'>duobus</span> <span class='ocrx_word' id='word_1_204' title='bbox 690 1995 935 2042; x_wconf 82' lang='lat' dir='ltr'>adsurrexit,</span> <span class='ocrx_word' id='word_1_205' title='bbox 976 1998 1017 2032; x_wconf 89' lang='lat' dir='ltr'>et</span> <span class='ocrx_word' id='word_1_206' title='bbox 1056 1995 1197 2032; x_wconf 88' lang='lat' dir='ltr'>statim</span> <span class='ocrx_word' id='word_1_207' title='bbox 1236 1995 1426 2041; x_wconf 76' lang='lat' dir='ltr'>concidit,</span> <span class='ocrx_word' id='word_1_208' title='bbox 1457 2000 1503 2033; x_wconf 86' lang='lat' dir='ltr'>ut</span> <span class='ocrx_word' id='word_1_209' title='bbox 1533 2008 1606 2044; x_wconf 76' lang='lat' dir='ltr'>ego</span> <span class='ocrx_word' id='word_1_210' title='bbox 1653 2009 1667 2033; x_wconf 79' lang='grc'>,-</span> 
     </span>
    </p>
   </div>
   <div class='ocr_carea' id='block_1_15' title="bbox 278 2064 1611 2531">
    <p class='ocr_par' dir='ltr' id='par_1_15' title="bbox 278 2064 1611 2531">
     <span class='ocr_line' id='line_1_34' title="bbox 278 2064 1606 2115; baseline -0.002 -11"><span class='ocrx_word' id='word_1_211' title='bbox 278 2067 438 2115; x_wconf 79' lang='lat' dir='ltr'>colligo,</span> <span class='ocrx_word' id='word_1_212' title='bbox 478 2066 675 2104; x_wconf 81' lang='lat' dir='ltr'>crassiore</span> <span class='ocrx_word' id='word_1_213' title='bbox 724 2065 900 2113; x_wconf 73' lang='lat' dir='ltr'>caligine</span> <span class='ocrx_word' id='word_1_214' title='bbox 945 2064 1096 2113; x_wconf 82' lang='lat' dir='ltr'>spiritu</span> <span class='ocrx_word' id='word_1_215' title='bbox 1134 2064 1343 2101; x_wconf 85' lang='lat' dir='ltr'>obstructo</span> <span class='ocrx_word' id='word_1_216' title='bbox 1387 2065 1606 2115; x_wconf 78' lang='lat' dir='ltr'>clausoque</span> 
     </span>
     <span class='ocr_line' id='line_1_35' title="bbox 279 2133 1608 2185; baseline -0.002 -11"><span class='ocrx_word' id='word_1_217' title='bbox 279 2136 500 2183; x_wconf 84' lang='lat' dir='ltr'>stomacho,</span> <span class='ocrx_word' id='word_1_218' title='bbox 532 2136 602 2185; x_wconf 86' lang='lat' dir='ltr'>qui</span> <span class='ocrx_word' id='word_1_219' title='bbox 632 2135 695 2172; x_wconf 87' lang='lat' dir='ltr'>illi</span> <span class='ocrx_word' id='word_1_220' title='bbox 724 2138 871 2172; x_wconf 88' lang='lat' dir='ltr'>natura</span> <span class='ocrx_word' id='word_1_221' title='bbox 902 2133 1109 2170; x_wconf 78' lang='lat' dir='ltr'>invalidus</span> <span class='ocrx_word' id='word_1_222' title='bbox 1144 2137 1189 2170; x_wconf 86' lang='lat' dir='ltr'>et.</span> <span class='ocrx_word' id='word_1_223' title='bbox 1218 2138 1417 2179; x_wconf 64' lang='lat' dir='ltr'>angustus</span> <span class='ocrx_word' id='word_1_224' title='bbox 1452 2138 1494 2171; x_wconf 91' lang='lat' dir='ltr'>et</span> <span class='ocrx_word' id='word_1_225' title='bbox 1531 2136 1608 2172; x_wconf 76' lang='lat' dir='ltr'>fre-</span> 
     </span>
     <span class='ocr_line' id='line_1_36' title="bbox 280 2189 1607 2255; baseline -0.002 -12"><span class='ocrx_word' id='word_1_226' title='bbox 280 2210 454 2255; x_wconf 88' lang='lat' dir='ltr'>quenter</span> <span class='ocrx_word' id='word_1_227' title='bbox 474 2210 666 2243; x_wconf 83' lang='lat' dir='ltr'>aestuans</span> <span class='ocrx_word' id='word_1_228' title='bbox 688 2189 929 2255; x_wconf 46' lang='lat' dir='ltr'>erats&#39;s&#39;Ubi</span> <span class='ocrx_word' id='word_1_229' title='bbox 951 2203 1039 2239; x_wconf 89' lang='lat' dir='ltr'>dies</span> <span class='ocrx_word' id='word_1_230' title='bbox 1067 2202 1253 2239; x_wconf 87' lang='lat' dir='ltr'>redditus</span> <span class='ocrx_word' id='word_1_231' title='bbox 1276 2203 1328 2245; x_wconf 88' lang='lat' dir='ltr'>(is</span> <span class='ocrx_word' id='word_1_232' title='bbox 1350 2203 1399 2241; x_wconf 86' lang='lat' dir='ltr'>ab</span> <span class='ocrx_word' id='word_1_233' title='bbox 1420 2216 1466 2241; x_wconf 91' lang='lat' dir='ltr'>eo</span> <span class='ocrx_word' id='word_1_234' title='bbox 1487 2216 1607 2253; x_wconf 85' lang='lat' dir='ltr'>quem</span> 
     </span>
     <span class='ocr_line' id='line_1_37' title="bbox 281 2272 1607 2322; baseline -0.002 -10"><span class='ocrx_word' id='word_1_235' title='bbox 281 2275 505 2313; x_wconf 86' lang='lat' dir='ltr'>novissime</span> <span class='ocrx_word' id='word_1_236' title='bbox 540 2274 700 2311; x_wconf 81' lang='lat' dir='ltr'>viderat</span> <span class='ocrx_word' id='word_1_237' title='bbox 738 2273 917 2319; x_wconf 83' lang='lat' dir='ltr'>tertius),</span> <span class='ocrx_word' id='word_1_238' title='bbox 950 2284 1096 2321; x_wconf 85' lang='lat' dir='ltr'>corpus</span> <span class='ocrx_word' id='word_1_239' title='bbox 1135 2272 1349 2309; x_wconf 82' lang='lat' dir='ltr'>inventum</span> <span class='ocrx_word' id='word_1_240' title='bbox 1389 2273 1607 2322; x_wconf 80' lang='lat' dir='ltr'>integrum,</span> 
     </span>
     <span class='ocr_line' id='line_1_38' title="bbox 282 2342 1608 2394; baseline -0.001 -12"><span class='ocrx_word' id='word_1_241' title='bbox 282 2345 486 2382; x_wconf 88' lang='lat' dir='ltr'>inlaesum</span> <span class='ocrx_word' id='word_1_242' title='bbox 507 2348 777 2394; x_wconf 81' lang='lat' dir='ltr'>opertumque</span> <span class='ocrx_word' id='word_1_243' title='bbox 797 2347 844 2379; x_wconf 90' lang='lat' dir='ltr'>ut</span> <span class='ocrx_word' id='word_1_244' title='bbox 865 2342 1001 2379; x_wconf 77' lang='lat' dir='ltr'>fuerat</span> <span class='ocrx_word' id='word_1_245' title='bbox 1022 2342 1213 2378; x_wconf 87' lang='lat' dir='ltr'>indutus:</span> <span class='ocrx_word' id='word_1_246' title='bbox 1241 2342 1407 2379; x_wconf 77' lang='lat' dir='ltr'>habitus</span> <span class='ocrx_word' id='word_1_247' title='bbox 1428 2344 1608 2392; x_wconf 88' lang='lat' dir='ltr'>corporis</span> 
     </span>
     <span class='ocr_line' id='line_1_39' title="bbox 284 2411 1611 2464; baseline -0.002 -13"><span class='ocrx_word' id='word_1_248' title='bbox 284 2414 513 2464; x_wconf 85' lang='lat' dir='ltr'>quiescenti</span> <span class='ocrx_word' id='word_1_249' title='bbox 535 2427 657 2463; x_wconf 85' lang='lat' dir='ltr'>quam</span> <span class='ocrx_word' id='word_1_250' title='bbox 683 2413 878 2451; x_wconf 83' lang='lat' dir='ltr'>defuncto</span> <span class='ocrx_word' id='word_1_251' title='bbox 909 2411 1091 2448; x_wconf 78' lang='lat' dir='ltr'>similior.</span> <span class='ocrx_word' id='word_1_252' title='bbox 1153 2412 1323 2448; x_wconf 88' lang='lat' dir='ltr'>Interim</span> <span class='ocrx_word' id='word_1_253' title='bbox 1357 2413 1508 2449; x_wconf 79' lang='lat' dir='ltr'>Miseni</span> <span class='ocrx_word' id='word_1_254' title='bbox 1538 2426 1611 2461; x_wconf 78' lang='lat' dir='ltr'>ego</span> 
     </span>
     <span class='ocr_line' id='line_1_40' title="bbox 285 2481 1611 2531; baseline -0.002 -9"><span class='ocrx_word' id='word_1_255' title='bbox 285 2488 327 2522; x_wconf 85' lang='lat' dir='ltr'>et</span> <span class='ocrx_word' id='word_1_256' title='bbox 347 2488 477 2522; x_wconf 90' lang='lat' dir='ltr'>mater</span> <span class='ocrx_word' id='word_1_257' title='bbox 494 2484 627 2520; x_wconf 86' lang='lat' dir='ltr'>—sed</span> <span class='ocrx_word' id='word_1_258' title='bbox 657 2482 763 2519; x_wconf 89' lang='lat' dir='ltr'>nihil</span> <span class='ocrx_word' id='word_1_259' title='bbox 794 2482 845 2519; x_wconf 91' lang='lat' dir='ltr'>ad</span> <span class='ocrx_word' id='word_1_260' title='bbox 874 2481 1100 2527; x_wconf 84' lang='lat' dir='ltr'>historiam,</span> <span class='ocrx_word' id='word_1_261' title='bbox 1124 2493 1197 2517; x_wconf 88' lang='grc'><strong>1100</strong></span> <span class='ocrx_word' id='word_1_262' title='bbox 1217 2484 1262 2518; x_wconf 91' lang='lat' dir='ltr'>tu</span> <span class='ocrx_word' id='word_1_263' title='bbox 1284 2481 1397 2518; x_wconf 85' lang='lat' dir='ltr'>aliud</span> <span class='ocrx_word' id='word_1_264' title='bbox 1419 2495 1541 2531; x_wconf 82' lang='lat' dir='ltr'>quam</span> <span class='ocrx_word' id='word_1_265' title='bbox 1562 2483 1611 2520; x_wconf 84' lang='lat' dir='ltr'>de</span> 
     </span>
    </p>
   </div>
   <div class='ocr_carea' id='block_1_16' title="bbox 1627 959 1664 986">
    <p class='ocr_par' dir='ltr' id='par_1_16' title="bbox 1627 959 1664 986">
     <span class='ocr_line' id='line_1_41' title="bbox 1627 959 1664 986; baseline 0 0"><span class='ocrx_word' id='word_1_266' title='bbox 1627 959 1664 986; x_wconf 89' lang='grc'>10</span> 
     </span>
    </p>
   </div>
   <div class='ocr_carea' id='block_1_17' title="bbox 1630 1659 1668 1686">
    <p class='ocr_par' dir='ltr' id='par_1_17' title="bbox 1630 1659 1668 1686">
     <span class='ocr_line' id='line_1_42' title="bbox 1630 1659 1668 1686; baseline -0.079 0"><span class='ocrx_word' id='word_1_267' title='bbox 1630 1659 1668 1686; x_wconf 71' lang='lat'>20</span> 
     </span>
    </p>
   </div>
   <div class='ocr_carea' id='block_1_18' title="bbox 1637 2358 1674 2383">
    <p class='ocr_par' dir='ltr' id='par_1_18' title="bbox 1637 2358 1674 2383">
     <span class='ocr_line' id='line_1_43' title="bbox 1637 2358 1674 2383; baseline -0.054 0"><span class='ocrx_word' id='word_1_268' title='bbox 1637 2358 1674 2383; x_wconf 65' lang='lat'>:20</span> 
     </span>
    </p>
   </div>
  </div>
 </body>
</html>
