1875 2812
638 208 983 241 EPISTULARUM
1016 206 1117 238 vm.
1149 206 1199 238 17.
1496 195 1577 236 107

252 326 396 365 videri.
453 325 531 371 Qui
552 337 605 363 an
625 323 762 372 magni
790 322 1079 372 sapientesque
1108 320 1193 358 sint
1222 318 1371 367 neseio,
1392 317 1578 356 homines

206 409 224 436 4
252 410 335 435 non
355 399 462 435 sunt.
520 394 714 432 Hominis
742 397 804 431 est
824 392 932 429 enim
955 390 1077 429 adfici
1104 390 1253 437 dolore,
1277 388 1441 435 sentire,
1462 387 1580 425 resis-

253 472 339 505 tere
368 470 507 504 tamen
537 469 578 501 et
607 463 760 501 solacia
788 461 1018 508 admittere,
1042 472 1125 497 non
1155 458 1317 497 solaciis
1347 470 1427 495 non
1449 469 1576 505 egere.

207 543 226 572 5
253 537 406 575 Verum
440 535 490 572 de
524 533 589 570 his
623 533 743 582 plura
772 532 949 569 fortasse
979 542 1101 579 quam
1131 528 1264 574 debui,
1287 527 1359 565 sed
1388 526 1579 576 pauciora

254 618 377 656 quam
398 603 522 642 volui.
580 603 657 640 Est
686 601 796 639 enim
817 600 1018 650 quaedam
1039 599 1165 636 etiam
1186 597 1353 635 dolendi
1375 596 1578 645 voluptas,
1607 605 1623 631 .”

254 674 497 726 praesertim
528 673 562 711 si
592 672 634 709 in
665 671 786 710 amici
817 670 910 708 sinu
939 668 1103 715 defleas,
1125 667 1234 717 apud
1255 678 1377 716 quem
1397 664 1580 703 lacrimis

255 745 339 784 tuis
360 744 427 783 vel
446 744 537 782 laus
559 742 614 781 sit
633 746 779 792 parata
798 739 865 778 vel
886 739 1016 777 venia.
1075 737 1190 776 Vale.

775 916 843 956 88.
883 913 1061 965 (XVII.)

571 1030 609 1063 C.
638 1028 828 1061 PLINIUS
860 1025 1082 1058 MACRINO
1115 1024 1203 1057 SUO
1235 1024 1269 1056 S.

716 1133 857 1173 Afloocl
874 1142 919 1163 οη
937 1132 990 1163 che
1015 1131 1127 1162 Tiber.

215 1243 231 1271 1
312 1235 425 1272 Num
453 1233 547 1271 istie
574 1242 740 1281 >quoque
770 1228 914 1266 inmite
945 1232 985 1265 et
1014 1226 1225 1264 turbidum
1255 1224 1447 1262 caelum?
1504 1222 1586 1260 Hie

261 1304 456 1343 adsiduae
477 1305 745 1351 tempestates
773 1303 813 1336 et
840 1298 980 1335 erebra
1006 1296 1174 1334 diluvia.
1234 1294 1394 1332 Tiberis
1423 1293 1586 1331 alveum

215 1383 233 1410 2
261 1373 439 1412 excessit
455 1376 495 1410 et
512 1369 822 1409 demissioribus
843 1367 944 1417 ripis
961 1367 1043 1404 alte
1061 1364 1387 1415 superfunditur.
1446 1363 1589 1407 Quam-

262 1457 385 1494 quam
414 1443 528 1480 fossa
556 1453 677 1491 quam
709 1436 1098 1489 providentissimus
1137 1435 1361 1484 imperator
1391 1432 1492 1469 feeit
1526 1444 1590 1468 ex-

262 1514 448 1560 haustus,
479 1511 629 1561 premit
659 1509 799 1555 valles,
830 1507 992 1544 innatat
1020 1504 1187 1553 campis,
1222 1514 1383 1552 quaque
1422 1501 1586 1551 planum

265 1584 504 1632 solunispro
534 1580 619 1619 solo
648 1578 839 1616 cernitur.
898 1576 1001 1613 Inde
1031 1586 1134 1623 quae
1165 1573 1268 1611 solet
1294 1571 1465 1608 flumina
1493 1570 1590 1608 aoei-

265 1666 361 1704 pere
400 1657 440 1690 et
478 1650 683 1701 permixta
721 1647 921 1686 devehere
954 1645 1069 1682 velut
1107 1643 1252 1681 obvius
1288 1642 1431 1679 sistere
1470 1640 1590 1689 cogit,

266 1728 388 1773 atque
409 1722 469 1759 ita
489 1720 634 1758 alienis
656 1718 773 1768 aquis
795 1715 927 1766 operit
948 1727 1065 1762 agros
1091 1725 1190 1762 quos
1218 1712 1305 1761 ipse
1334 1724 1413 1747 non
1444 1710 1589 1757 tangit.

220 1805 239 1833 3
266 1793 386 1840 Anio,
409 1789 729 1829 delicatissimus
755 1786 936 1824 amnium
965 1784 1137 1832 ideoque
1168 1780 1450 1819 adiacentibus
1480 1779 1592 1816 villis

268 1863 383 1900 velut
411 1860 612 1898 invitatus
643 1860 920 1905 retentusque,
943 1865 1092 1901 magna
1118 1864 1167 1889 ex
1187 1854 1303 1900 parte
1324 1862 1491 1887 nemora
1510 1849 1594 1898 qui-

267 1933 343 1971 bus
374 1930 631 1974 inumbratur
652 1927 778 1975 fregit
803 1930 843 1963 et
870 1923 1030 1973 rapuit:
1063 1921 1224 1959 subruit
1251 1924 1409 1957 montes
1430 1923 1470 1956 et
1492 1918 1595 1956 deei-

270 2001 457 2040 dentium
487 1999 592 2036 mole
622 1997 810 2047 pluribus
840 1994 939 2031 loeis
969 1992 1144 2039 clausus,
1165 1991 1263 2027 dum
1293 1989 1486 2027 amissum
1518 1988 1595 2025 iter

271 2070 443 2121 quaerit,
479 2068 646 2118 impulit
680 2069 790 2103 tecta
823 2078 868 2101 ao
903 2075 945 2101 se
980 2073 1101 2111 super
1139 2060 1276 2097 ruinas
1315 2058 1436 2095 eiecit
1473 2061 1595 2106 atque

225 2155 244 2183 4
272 2140 433 2178 extulit.
491 2138 697 2177 Viderunt
713 2148 813 2184 quos
831 2131 1121 2171 excelsioribus
1138 2129 1258 2167 terris
1279 2128 1353 2165 illa
1373 2131 1596 2176 tempestus

273 2208 545 2259 deprehendit
565 2206 663 2244 alibi
686 2204 861 2242 divitum
883 2204 1104 2251 apparatus
1121 2202 1162 2236 et
1182 2210 1343 2246 gravem
1369 2195 1597 2246 supelleeti-

274 2279 367 2325 lem,
389 2277 488 2315 alibi
509 2277 786 2314 instrumenta
807 2272 924 2318 ruris,
942 2270 998 2307 ibi
1020 2270 1142 2307 boves
1164 2271 1300 2305 aratra
1320 2270 1510 2317 rectores,
1531 2265 1597 2301 hio

276 2348 411 2387 soluta
431 2351 471 2384 et
491 2346 622 2383 libera
638 2347 834 2389 armenta⁷
850 2345 972 2389 atque
990 2339 1097 2376 inter
1113 2337 1211 2374 haee
1229 2336 1417 2373 arborum
1434 2338 1599 2372 truncos

230 2430 248 2457 5
277 2421 348 2455 aut
376 2416 569 2453 villarum
591 2413 740 2459 trabes,
761 2411 873 2448 varie
894 2409 1058 2457 lateque
1079 2405 1298 2443 fluitantia.
1358 2405 1418 2441 Ao
1447 2416 1497 2441 ne
1527 2403 1601 2440 illa,
1628 2414 1633 2423 ⁴

277 2485 443 2536 quidem
464 2484 571 2522 malo
592 2484 841 2520 vacaverunt
862 2490 964 2528 quae
985 2489 1067 2514 non
1087 2474 1271 2514 ascendit
1293 2473 1435 2512 amnis.
1493 2473 1599 2510 Nam

1618 1368 1653 1396 10

1624 2062 1661 2089 20

1628 2412 1645 2438 Ιψ

1647 2411 1665 2439 <5¹
