1859 2828
176 979 212 1007 10

175 1333 211 1361 15

173 1686 212 1715 20

174 2036 211 2063 25

240 214 294 254 90
807 218 846 251 C.
877 219 1009 250 PLINI

239 339 303 374 est
323 338 481 373 certare
502 346 674 373 mecum.
732 334 810 372 Est
834 333 935 389 liaeo
956 346 1031 384 pro
1051 321 1172 371 Atti—a
1191 332 1363 381 Viriola,
1386 336 1428 371 et
1447 332 1579 382 digni-

239 410 326 444 tate
346 417 546 456 personae
567 409 608 442 et
629 404 810 454 exempli
841 404 1014 442 raritate
1044 407 1085 442 et
1113 403 1259 442 iudicii
1289 403 1578 452 magnitudine

240 475 428 524 insignis.
487 476 597 513 Nam
627 474 786 512 femina
815 474 1033 524 splendide
1066 477 1176 523 nata,
1207 477 1340 524 nupta
1372 474 1579 524 praetorio

239 546 340 594 viro,
363 545 618 583 exheredata
638 545 688 583 ab
709 544 972 593 octogenario
994 547 1112 594 patre
1136 544 1247 582 intra
1273 544 1466 582 undecim
1490 544 1578 582 dies

239 629 363 666 quam
384 616 449 653 illi
470 628 687 653 novercam
716 627 853 653 amore
883 618 1029 665 captus
1059 614 1294 663 induxerat,
1316 614 1580 664 quadruplici

240 686 394 724 iudicio
415 686 522 724 bona
538 690 711 736 paterna
728 685 951 735 repetebat.
1012 684 1219 723 Sedebant
1234 688 1401 722 centum
1418 689 1460 722 et
1476 688 1580 722 octo-

239 757 356 805 ginta
376 756 557 804 iudices;
589 759 652 793 tot
673 755 783 793 enim
800 759 997 805 quattuor
1013 754 1199 793 consiliis
1216 754 1491 804 colliguntur:
1523 755 1580 792 in-

239 840 339 876 gens
360 826 570 876 utrimque
591 826 808 864 advocatio
829 829 871 864 et
891 838 1110 864 numerosa
1134 825 1344 874 subsellia,
1366 828 1580 875 praeterea

239 898 369 935 densa
389 896 751 935 circumstantium
774 909 923 934 corona
943 895 1197 934 latissimum
1217 895 1419 933 iudicium
1444 895 1579 933 multi-

238 968 339 1018 plici
360 967 515 1005 circulo
546 967 740 1005 ambibat.
802 966 867 1004 Ad
897 966 973 1004 hoc
1003 966 1205 1017 stipatum
1234 966 1432 1014 tribunal,
1454 969 1579 1016 atque

239 1038 365 1076 etiam
387 1050 437 1075 ex
460 1037 670 1087 superiore
692 1036 888 1075 basilicae
918 1041 1036 1087 parte
1067 1049 1149 1086 qua
1177 1036 1358 1074 feminae
1388 1049 1471 1086 qua
1498 1036 1579 1074 viri

239 1112 280 1147 et
304 1108 514 1156 audiendi,
537 1108 647 1157 quod
677 1106 856 1155 difficile,
879 1111 920 1145 et
949 1107 1059 1157 quod
1088 1107 1225 1156 facile,
1246 1107 1411 1145 visendi
1441 1106 1580 1145 studio

238 1179 524 1217 imminebant.
583 1179 738 1227 Magna
754 1178 1010 1228 exspectatio
1026 1182 1204 1228 patrum,
1219 1190 1370 1226 magna
1385 1177 1578 1226 filiarum,

239 1263 390 1299 magna
419 1249 545 1287 etiam
573 1261 855 1287 novercarum.
917 1249 1089 1287 Secutus
1122 1252 1185 1287 est
1219 1248 1360 1286 varius
1391 1251 1577 1286 eventus.

238 1321 349 1359 Nam
371 1320 531 1358 duobus
553 1318 738 1358 consiliis
764 1319 950 1368 vicimus,
969 1318 1143 1357 totidem
1165 1318 1265 1356 victi
1287 1331 1441 1357 sumus.
1498 1319 1580 1356 No-

238 1391 381 1429 tabilis
403 1403 570 1440 prorsus
596 1393 637 1427 et
666 1389 772 1427 mira
802 1390 944 1427 eadem
975 1389 1019 1426 in
1048 1401 1184 1437 causa,
1206 1389 1337 1428 isdem
1359 1388 1577 1437 iudicibus,

240 1462 371 1500 isdem
393 1460 617 1508 advocatis,
641 1460 785 1498 eodem
806 1464 989 1509 tempore
1014 1463 1132 1498 tanta
1160 1459 1383 1498 diversitas
1414 1459 1577 1507 accidit,

239 1545 348 1579 casu,
371 1544 453 1569 11011
474 1531 585 1581 quod
605 1544 724 1569 casus
753 1531 975 1568 videretur.
1035 1530 1158 1569 Victa
1187 1535 1250 1569 est
1278 1542 1465 1578 noverca,
1488 1530 1580 1580 ipsa

238 1603 358 1640 heres
383 1615 433 1639 ex
464 1606 581 1651 parte
612 1606 741 1649 sexta⁷
772 1601 907 1639 victus
940 1601 1178 1649 Subernius,
1201 1601 1271 1651 qui
1303 1601 1578 1639 exheredatus

239 1686 263 1711 a
283 1677 401 1723 patre
423 1672 624 1720 singulari
646 1672 894 1722 inpudentia
909 1672 1035 1710 alieni
1056 1672 1188 1722 patris
1205 1672 1312 1710 bona
1328 1671 1577 1719 vindicabat,

238 1757 321 1781 non
342 1756 466 1781 ausus
488 1743 551 1780 sui
574 1746 724 1792 petere.
784 1743 900 1780 Haec
922 1742 999 1780 tibi
1030 1742 1215 1792 exposui,
1238 1741 1430 1792 primum,
1452 1745 1498 1779 ut
1528 1754 1578 1779 ex

239 1814 421 1864 epistula
437 1813 561 1851 scires
579 1825 683 1863 quae
700 1825 749 1850 ex
767 1813 952 1851 oratione
973 1826 1056 1851 non
1078 1817 1263 1863 poteras:
1297 1812 1445 1850 deinde
1466 1811 1578 1862 (nam

240 1885 429 1933 detegam
452 1888 594 1935 artes),
616 1887 663 1921 ut
684 1883 911 1921 orationem
934 1883 1133 1922 libentius
1159 1883 1327 1932 legeres,
1352 1883 1386 1922 si
1416 1896 1498 1920 non
1527 1882 1579 1920 le-

240 1968 333 2003 gere
358 1954 435 1992 tibi
466 1955 538 1993 sed
567 1954 767 1992 interesse
798 1953 952 1991 iudicio
982 1954 1204 2002 videreris3
1236 1967 1373 2004 quam,
1396 1953 1451 1991 sit
1480 1953 1579 1990 licet

239 2038 401 2073 magna,
430 2037 511 2062 non
542 2024 714 2073 despero
744 2024 920 2073 gratiam
951 2024 1220 2062 brevissimae
1250 2024 1577 2074 impetraturam.

240 2096 348 2134 Nam
372 2099 412 2132 et
434 2094 553 2144 copia
573 2106 709 2132 reruni
731 2097 771 2131 et
793 2098 938 2143 arguta
960 2094 1165 2133 divisione
1187 2098 1228 2132 et
1255 2093 1578 2132 narratiunculis

240 2165 431 2215 pluribus
461 2168 502 2202 et
532 2164 753 2213 eloquendi
785 2164 985 2202 varietate
1018 2168 1251 2202 renovatur.
1312 2164 1417 2202 Sunt
1446 2163 1580 2201 multa

243 2235 341 2285 (non
359 2235 552 2273 auderem
570 2234 650 2272 nisi
669 2234 746 2271 tibi
763 2234 916 2285 (livere)
936 2234 1057 2281 elata,
1073 2234 1205 2272 multa
1216 2234 1431 2284 pugnacia,
1447 2233 1579 2271 inulta

241 2305 422 2343 subtilia.
484 2304 718 2342 Intervenit
738 2304 846 2341 enim
869 2304 1031 2342 acribus
1052 2304 1137 2343 illis
1155 2308 1196 2342 et
1216 2305 1364 2343 erectis
1381 2304 1578 2354 frequens

176 2388 214 2417 30
241 2375 466 2413 necessitas
487 2374 740 2424 conputandi
759 2387 804 2412 ac
827 2387 955 2424 paone
983 2374 1163 2413 calculos
1193 2375 1460 2424 tabulamque
1491 2387 1579 2424 pos-

241 2446 372 2489 cendi,
394 2450 440 2482 ut
462 2449 630 2495 repente
652 2444 694 2482 in
717 2444 869 2494 privati
896 2444 1040 2482 iudicii
1072 2446 1247 2483 formam
1279 2444 1576 2482 centumvirale

241 2520 437 2554 vertatur.
503 2515 699 2553 Dedimus
719 2514 811 2553 vela
830 2514 1121 2563 indignationi,
1140 2515 1331 2553 dedimus
1354 2515 1450 2563 irae,
1468 2514 1578 2552 dedi-

1605 1538 1624 1567 6

1605 2100 1623 2128 8

1607 2527 1642 2555 10
