<?xml version="1.0" encoding="UTF-8"?>
<!DOCTYPE html PUBLIC "-//W3C//DTD XHTML 1.0 Transitional//EN"
    "http://www.w3.org/TR/xhtml1/DTD/xhtml1-transitional.dtd">
<html xmlns="http://www.w3.org/1999/xhtml" xml:lang="en" lang="en">
 <head>
  <title>
</title>
<meta http-equiv="Content-Type" content="text/html;charset=utf-8" />
  <meta name='ocr-system' content='tesseract 3.04.00' />
  <meta name='ocr-capabilities' content='ocr_page ocr_carea ocr_par ocr_line ocrx_word'/>
</head>
<body>
  <div class='ocr_page' id='page_1' title='image "./cplinisecundiepi00plinuoft_0079.png"; bbox 0 0 1875 2812; ppageno 0'>
   <div class='ocr_carea' id='block_1_1' title="bbox 152 589 189 617">
    <p class='ocr_par' dir='ltr' id='par_1_1' title="bbox 152 589 189 617">
     <span class='ocr_line' id='line_1_1' title="bbox 152 589 169 617; textangle 90"><span class='ocrx_word' id='word_1_1' title='bbox 152 589 169 617; x_wconf 59' lang='grc' dir='ltr'>[Ο</span> 
     </span>
     <span class='ocr_line' id='line_1_2' title="bbox 172 589 189 617; textangle 90"><span class='ocrx_word' id='word_1_2' title='bbox 172 589 189 617; x_wconf 69' lang='lat'>[0</span> 
     </span>
    </p>
   </div>
   <div class='ocr_carea' id='block_1_2' title="bbox 159 1076 197 1104">
    <p class='ocr_par' dir='ltr' id='par_1_2' title="bbox 159 1076 197 1104">
     <span class='ocr_line' id='line_1_3' title="bbox 159 1076 197 1104; baseline 0 0"><span class='ocrx_word' id='word_1_3' title='bbox 159 1076 197 1104; x_wconf 87' lang='lat'>23</span> 
     </span>
    </p>
   </div>
   <div class='ocr_carea' id='block_1_3' title="bbox 166 1777 203 1806">
    <p class='ocr_par' dir='ltr' id='par_1_3' title="bbox 166 1777 203 1806">
     <span class='ocr_line' id='line_1_4' title="bbox 166 1777 203 1806; baseline 0 0"><span class='ocrx_word' id='word_1_4' title='bbox 166 1777 203 1806; x_wconf 88' lang='lat'>25</span> 
     </span>
    </p>
   </div>
   <div class='ocr_carea' id='block_1_4' title="bbox 170 2127 208 2155">
    <p class='ocr_par' dir='ltr' id='par_1_4' title="bbox 170 2127 208 2155">
     <span class='ocr_line' id='line_1_5' title="bbox 170 2127 208 2155; baseline 0 0"><span class='ocrx_word' id='word_1_5' title='bbox 170 2127 208 2155; x_wconf 83' lang='lat'>26</span> 
     </span>
    </p>
   </div>
   <div class='ocr_carea' id='block_1_5' title="bbox 174 2477 211 2506">
    <p class='ocr_par' dir='ltr' id='par_1_5' title="bbox 174 2477 211 2506">
     <span class='ocr_line' id='line_1_6' title="bbox 174 2477 211 2506; baseline 0.027 -1"><span class='ocrx_word' id='word_1_6' title='bbox 174 2477 211 2506; x_wconf 82' lang='lat'>27</span> 
     </span>
    </p>
   </div>
   <div class='ocr_carea' id='block_1_6' title="bbox 628 175 1538 215">
    <p class='ocr_par' dir='ltr' id='par_1_6' title="bbox 628 175 1538 215">
     <span class='ocr_line' id='line_1_7' title="bbox 628 175 1538 215; baseline 0.001 -1"><span class='ocrx_word' id='word_1_7' title='bbox 628 183 975 215; x_wconf 73' lang='lat' dir='ltr'>EPISTULARUM</span> <span class='ocrx_word' id='word_1_8' title='bbox 1007 183 1056 214; x_wconf 91' lang='lat'>11.</span> <span class='ocrx_word' id='word_1_9' title='bbox 1084 183 1136 215; x_wconf 87' lang='lat'>17.</span> <span class='ocrx_word' id='word_1_10' title='bbox 1486 175 1538 215; x_wconf 79' lang='lat'>33</span> 
     </span>
    </p>
   </div>
   <div class='ocr_carea' id='block_1_7' title="bbox 214 296 1560 1950">
    <p class='ocr_par' dir='ltr' id='par_1_7' title="bbox 214 296 1560 1950">
     <span class='ocr_line' id='line_1_8' title="bbox 214 296 1541 347; baseline -0.003 -10"><span class='ocrx_word' id='word_1_11' title='bbox 214 304 299 338; x_wconf 90' lang='lat' dir='ltr'>tem</span> <span class='ocrx_word' id='word_1_12' title='bbox 335 298 515 336; x_wconf 88' lang='lat' dir='ltr'>medium</span> <span class='ocrx_word' id='word_1_13' title='bbox 555 297 722 335; x_wconf 76' lang='lat' dir='ltr'>zotheca</span> <span class='ocrx_word' id='word_1_14' title='bbox 759 309 957 347; x_wconf 76' lang='lat' dir='ltr'>perquam</span> <span class='ocrx_word' id='word_1_15' title='bbox 994 296 1204 346; x_wconf 75' lang='lat' dir='ltr'>eleganter</span> <span class='ocrx_word' id='word_1_16' title='bbox 1242 296 1407 343; x_wconf 86' lang='lat' dir='ltr'>recedit,</span> <span class='ocrx_word' id='word_1_17' title='bbox 1438 308 1541 346; x_wconf 86' lang='lat' dir='ltr'>quae</span> 
     </span>
     <span class='ocr_line' id='line_1_9' title="bbox 217 366 1542 420; baseline -0.004 -13"><span class='ocrx_word' id='word_1_18' title='bbox 217 369 498 420; x_wconf 85' lang='lat' dir='ltr'>specularibus</span> <span class='ocrx_word' id='word_1_19' title='bbox 529 372 569 405; x_wconf 90' lang='lat' dir='ltr'>et</span> <span class='ocrx_word' id='word_1_20' title='bbox 598 367 701 409; x_wconf 83' lang='lat' dir='ltr'>velis</span> <span class='ocrx_word' id='word_1_21' title='bbox 732 367 919 405; x_wconf 86' lang='lat' dir='ltr'>obductis</span> <span class='ocrx_word' id='word_1_22' title='bbox 950 367 1182 405; x_wconf 73' lang='lat' dir='ltr'>reductisve</span> <span class='ocrx_word' id='word_1_23' title='bbox 1212 367 1331 403; x_wconf 84' lang='lat' dir='ltr'>modo</span> <span class='ocrx_word' id='word_1_24' title='bbox 1365 366 1542 404; x_wconf 84' lang='lat' dir='ltr'>adicitur</span> 
     </span>
     <span class='ocr_line' id='line_1_10' title="bbox 216 436 1540 485; baseline -0.004 -8"><span class='ocrx_word' id='word_1_25' title='bbox 216 439 404 478; x_wconf 86' lang='lat' dir='ltr'>cubiculo</span> <span class='ocrx_word' id='word_1_26' title='bbox 424 438 543 475; x_wconf 92' lang='lat' dir='ltr'>modo</span> <span class='ocrx_word' id='word_1_27' title='bbox 559 437 756 475; x_wconf 85' lang='lat' dir='ltr'>aufertur.</span> <span class='ocrx_word' id='word_1_28' title='bbox 817 438 986 474; x_wconf 88' lang='lat' dir='ltr'>Lectum</span> <span class='ocrx_word' id='word_1_29' title='bbox 1003 441 1043 474; x_wconf 89' lang='lat' dir='ltr'>et</span> <span class='ocrx_word' id='word_1_30' title='bbox 1059 437 1161 474; x_wconf 85' lang='lat' dir='ltr'>duas</span> <span class='ocrx_word' id='word_1_31' title='bbox 1178 436 1392 474; x_wconf 74' lang='lat' dir='ltr'>cathedras</span> <span class='ocrx_word' id='word_1_32' title='bbox 1409 436 1519 485; x_wconf 87' lang='lat' dir='ltr'>capit</span> <span class='ocrx_word' id='word_1_33' title='bbox 1535 451 1540 472; x_wconf 91' lang='lat'>:</span> 
     </span>
     <span class='ocr_line' id='line_1_11' title="bbox 217 506 1544 560; baseline -0.005 -12"><span class='ocrx_word' id='word_1_34' title='bbox 217 523 241 548; x_wconf 88' lang='lat' dir='ltr'>a</span> <span class='ocrx_word' id='word_1_35' title='bbox 264 509 438 560; x_wconf 88' lang='lat' dir='ltr'>pedibus</span> <span class='ocrx_word' id='word_1_36' title='bbox 465 520 587 555; x_wconf 79' lang='lat' dir='ltr'>mare,</span> <span class='ocrx_word' id='word_1_37' title='bbox 610 520 633 545; x_wconf 89' lang='lat' dir='ltr'>a</span> <span class='ocrx_word' id='word_1_38' title='bbox 659 511 775 555; x_wconf 86' lang='lat' dir='ltr'>tergo</span> <span class='ocrx_word' id='word_1_39' title='bbox 797 507 932 554; x_wconf 81' lang='lat' dir='ltr'>villae,</span> <span class='ocrx_word' id='word_1_40' title='bbox 955 520 978 544; x_wconf 90' lang='lat' dir='ltr'>a</span> <span class='ocrx_word' id='word_1_41' title='bbox 997 507 1130 556; x_wconf 78' lang='lat' dir='ltr'>capite</span> <span class='ocrx_word' id='word_1_42' title='bbox 1153 506 1303 544; x_wconf 84' lang='lat' dir='ltr'>silvae:</span> <span class='ocrx_word' id='word_1_43' title='bbox 1335 510 1396 543; x_wconf 87' lang='lat' dir='ltr'>tot</span> <span class='ocrx_word' id='word_1_44' title='bbox 1418 506 1544 543; x_wconf 83' lang='lat' dir='ltr'>facies</span> 
     </span>
     <span class='ocr_line' id='line_1_12' title="bbox 217 576 1546 625; baseline -0.005 -7"><span class='ocrx_word' id='word_1_45' title='bbox 217 580 397 618; x_wconf 83' lang='lat' dir='ltr'>locorum</span> <span class='ocrx_word' id='word_1_46' title='bbox 418 578 591 616; x_wconf 88' lang='lat' dir='ltr'>totidem</span> <span class='ocrx_word' id='word_1_47' title='bbox 620 577 813 615; x_wconf 78' lang='lat' dir='ltr'>fenestris</span> <span class='ocrx_word' id='word_1_48' title='bbox 842 581 882 614; x_wconf 91' lang='lat' dir='ltr'>et</span> <span class='ocrx_word' id='word_1_49' title='bbox 906 577 1128 625; x_wconf 76' lang='lat' dir='ltr'>distinguit</span> <span class='ocrx_word' id='word_1_50' title='bbox 1152 581 1193 613; x_wconf 87' lang='lat' dir='ltr'>et</span> <span class='ocrx_word' id='word_1_51' title='bbox 1217 576 1370 614; x_wconf 87' lang='lat' dir='ltr'>miscet.</span> <span class='ocrx_word' id='word_1_52' title='bbox 1429 576 1546 612; x_wconf 86' lang='lat' dir='ltr'>Iunc·</span> 
     </span>
     <span class='ocr_line' id='line_1_13' title="bbox 218 645 1545 688; baseline -0.005 -1"><span class='ocrx_word' id='word_1_53' title='bbox 218 655 307 688; x_wconf 87' lang='lat' dir='ltr'>tum</span> <span class='ocrx_word' id='word_1_54' title='bbox 340 652 403 687; x_wconf 89' lang='lat' dir='ltr'>est</span> <span class='ocrx_word' id='word_1_55' title='bbox 433 647 668 686; x_wconf 84' lang='lat' dir='ltr'>cubiculum</span> <span class='ocrx_word' id='word_1_56' title='bbox 706 647 838 684; x_wconf 89' lang='lat' dir='ltr'>noctis</span> <span class='ocrx_word' id='word_1_57' title='bbox 873 650 914 684; x_wconf 92' lang='lat' dir='ltr'>et</span> <span class='ocrx_word' id='word_1_58' title='bbox 949 647 1089 684; x_wconf 87' lang='lat' dir='ltr'>somni.</span> <span class='ocrx_word' id='word_1_59' title='bbox 1160 647 1254 683; x_wconf 91' lang='lat' dir='ltr'>Non</span> <span class='ocrx_word' id='word_1_60' title='bbox 1289 645 1394 682; x_wconf 88' lang='lat' dir='ltr'>illud</span> <span class='ocrx_word' id='word_1_61' title='bbox 1428 657 1545 682; x_wconf 88' lang='lat' dir='ltr'>voces</span> 
     </span>
     <span class='ocr_line' id='line_1_14' title="bbox 221 716 1545 766; baseline -0.005 -8"><span class='ocrx_word' id='word_1_62' title='bbox 221 719 488 766; x_wconf 79' lang='lat' dir='ltr'>servulorum,</span> <span class='ocrx_word' id='word_1_63' title='bbox 510 730 591 755; x_wconf 89' lang='lat' dir='ltr'>non</span> <span class='ocrx_word' id='word_1_64' title='bbox 612 716 735 755; x_wconf 89' lang='lat' dir='ltr'>maris</span> <span class='ocrx_word' id='word_1_65' title='bbox 761 729 955 764; x_wconf 77' lang='lat' dir='ltr'>murmur,</span> <span class='ocrx_word' id='word_1_66' title='bbox 977 729 1058 753; x_wconf 91' lang='lat' dir='ltr'>non</span> <span class='ocrx_word' id='word_1_67' title='bbox 1078 719 1370 765; x_wconf 83' lang='lat' dir='ltr'>tempestatum</span> <span class='ocrx_word' id='word_1_68' title='bbox 1403 719 1545 761; x_wconf 74' lang='lat' dir='ltr'>motus,</span> 
     </span>
     <span class='ocr_line' id='line_1_15' title="bbox 220 784 1547 837; baseline -0.005 -10"><span class='ocrx_word' id='word_1_69' title='bbox 220 790 303 827; x_wconf 86' lang='grc'><strong>11011</strong></span> <span class='ocrx_word' id='word_1_70' title='bbox 339 788 553 837; x_wconf 88' lang='lat' dir='ltr'>fulgurum</span> <span class='ocrx_word' id='word_1_71' title='bbox 587 787 725 824; x_wconf 87' lang='lat' dir='ltr'>lumen</span> <span class='ocrx_word' id='word_1_72' title='bbox 765 799 810 824; x_wconf 85' lang='lat' dir='ltr'>ac</span> <span class='ocrx_word' id='word_1_73' title='bbox 850 798 899 823; x_wconf 88' lang='lat' dir='ltr'>ne</span> <span class='ocrx_word' id='word_1_74' title='bbox 938 786 1046 827; x_wconf 86' lang='lat' dir='ltr'>diem</span> <span class='ocrx_word' id='word_1_75' title='bbox 1085 785 1251 835; x_wconf 85' lang='lat' dir='ltr'>quidem</span> <span class='ocrx_word' id='word_1_76' title='bbox 1290 785 1427 832; x_wconf 81' lang='lat' dir='ltr'>sentit,</span> <span class='ocrx_word' id='word_1_77' title='bbox 1467 784 1547 821; x_wconf 90' lang='lat' dir='ltr'>nisi</span> 
     </span>
     <span class='ocr_line' id='line_1_16' title="bbox 221 854 1547 907; baseline -0.005 -10"><span class='ocrx_word' id='word_1_78' title='bbox 221 859 418 898; x_wconf 85' lang='lat' dir='ltr'>fenestris</span> <span class='ocrx_word' id='word_1_79' title='bbox 448 858 614 907; x_wconf 88' lang='lat' dir='ltr'>apertis.</span> <span class='ocrx_word' id='word_1_80' title='bbox 673 858 775 894; x_wconf 80' lang='lat' dir='ltr'>Tam</span> <span class='ocrx_word' id='word_1_81' title='bbox 806 856 880 894; x_wconf 89' lang='lat' dir='ltr'>alti</span> <span class='ocrx_word' id='word_1_82' title='bbox 911 856 1124 905; x_wconf 82' lang='lat' dir='ltr'>abditique</span> <span class='ocrx_word' id='word_1_83' title='bbox 1155 855 1301 893; x_wconf 83' lang='lat' dir='ltr'>secreti</span> <span class='ocrx_word' id='word_1_84' title='bbox 1331 855 1404 892; x_wconf 87' lang='lat' dir='ltr'>illa</span> <span class='ocrx_word' id='word_1_85' title='bbox 1431 854 1547 901; x_wconf 79' lang='lat' dir='ltr'>ratio,</span> 
     </span>
     <span class='ocr_line' id='line_1_17' title="bbox 223 925 1548 980; baseline -0.005 -13"><span class='ocrx_word' id='word_1_86' title='bbox 223 929 333 980; x_wconf 88' lang='lat' dir='ltr'>quod</span> <span class='ocrx_word' id='word_1_87' title='bbox 388 928 637 966; x_wconf 86' lang='lat' dir='ltr'>interiacens</span> <span class='ocrx_word' id='word_1_88' title='bbox 687 927 843 964; x_wconf 89' lang='lat' dir='ltr'>andron</span> <span class='ocrx_word' id='word_1_89' title='bbox 893 927 1091 976; x_wconf 88' lang='lat' dir='ltr'>parietem</span> <span class='ocrx_word' id='word_1_90' title='bbox 1140 925 1318 963; x_wconf 87' lang='lat' dir='ltr'>cubiculi</span> <span class='ocrx_word' id='word_1_91' title='bbox 1359 925 1548 973; x_wconf 86' lang='lat' dir='ltr'>hortique</span> 
     </span>
     <span class='ocr_line' id='line_1_18' title="bbox 223 994 1550 1048; baseline -0.005 -11"><span class='ocrx_word' id='word_1_92' title='bbox 223 998 445 1048; x_wconf 82' lang='lat' dir='ltr'>distinguit</span> <span class='ocrx_word' id='word_1_93' title='bbox 496 1001 620 1047; x_wconf 85' lang='lat' dir='ltr'>atque</span> <span class='ocrx_word' id='word_1_94' title='bbox 670 997 729 1034; x_wconf 88' lang='lat' dir='ltr'>ita</span> <span class='ocrx_word' id='word_1_95' title='bbox 768 1008 929 1034; x_wconf 88' lang='lat' dir='ltr'>omnem</span> <span class='ocrx_word' id='word_1_96' title='bbox 976 1008 1121 1033; x_wconf 89' lang='lat' dir='ltr'>sonum</span> <span class='ocrx_word' id='word_1_97' title='bbox 1168 995 1301 1032; x_wconf 89' lang='lat' dir='ltr'>media</span> <span class='ocrx_word' id='word_1_98' title='bbox 1348 994 1550 1032; x_wconf 84' lang='lat' dir='ltr'>inanitate</span> 
     </span>
     <span class='ocr_line' id='line_1_19' title="bbox 223 1063 1553 1117; baseline -0.005 -10"><span class='ocrx_word' id='word_1_99' title='bbox 223 1068 438 1108; x_wconf 88' lang='lat' dir='ltr'>consumit.</span> <span class='ocrx_word' id='word_1_100' title='bbox 506 1067 767 1117; x_wconf 86' lang='lat' dir='ltr'>Adplicitum</span> <span class='ocrx_word' id='word_1_101' title='bbox 792 1070 854 1103; x_wconf 85' lang='lat' dir='ltr'>est</span> <span class='ocrx_word' id='word_1_102' title='bbox 877 1065 1063 1103; x_wconf 86' lang='lat' dir='ltr'>cubiculo</span> <span class='ocrx_word' id='word_1_103' title='bbox 1090 1064 1373 1115; x_wconf 69' lang='lat' dir='ltr'>hypocauston</span> <span class='ocrx_word' id='word_1_104' title='bbox 1398 1063 1553 1113; x_wconf 80' lang='lat' dir='ltr'>perexi-</span> 
     </span>
     <span class='ocr_line' id='line_1_20' title="bbox 226 1134 1552 1189; baseline -0.006 -12"><span class='ocrx_word' id='word_1_105' title='bbox 226 1152 361 1189; x_wconf 73' lang='lat' dir='ltr'>guum,</span> <span class='ocrx_word' id='word_1_106' title='bbox 400 1138 510 1188; x_wconf 83' lang='lat' dir='ltr'>quod</span> <span class='ocrx_word' id='word_1_107' title='bbox 549 1141 725 1185; x_wconf 86' lang='lat' dir='ltr'>angusta</span> <span class='ocrx_word' id='word_1_108' title='bbox 763 1136 946 1173; x_wconf 77' lang='lat' dir='ltr'>fenestra</span> <span class='ocrx_word' id='word_1_109' title='bbox 985 1135 1244 1184; x_wconf 87' lang='lat' dir='ltr'>suppositum</span> <span class='ocrx_word' id='word_1_110' title='bbox 1281 1134 1467 1178; x_wconf 77' lang='lat' dir='ltr'>calorem,</span> <span class='ocrx_word' id='word_1_111' title='bbox 1507 1137 1552 1170; x_wconf 88' lang='lat' dir='ltr'>ut</span> 
     </span>
     <span class='ocr_line' id='line_1_21' title="bbox 225 1203 1553 1256; baseline -0.005 -9"><span class='ocrx_word' id='word_1_112' title='bbox 225 1209 331 1247; x_wconf 83' lang='lat' dir='ltr'>ratio</span> <span class='ocrx_word' id='word_1_113' title='bbox 362 1208 504 1256; x_wconf 79' lang='lat' dir='ltr'>exigit,</span> <span class='ocrx_word' id='word_1_114' title='bbox 533 1211 604 1245; x_wconf 84' lang='lat' dir='ltr'>aut</span> <span class='ocrx_word' id='word_1_115' title='bbox 635 1206 813 1243; x_wconf 82' lang='lat' dir='ltr'>effundit</span> <span class='ocrx_word' id='word_1_116' title='bbox 844 1210 914 1243; x_wconf 89' lang='lat' dir='ltr'>aut</span> <span class='ocrx_word' id='word_1_117' title='bbox 953 1205 1113 1242; x_wconf 85' lang='lat' dir='ltr'>retinet.</span> <span class='ocrx_word' id='word_1_118' title='bbox 1202 1205 1426 1241; x_wconf 74' lang='lat' dir='ltr'>Procoeton</span> <span class='ocrx_word' id='word_1_119' title='bbox 1457 1203 1553 1240; x_wconf 81' lang='lat' dir='ltr'>inde</span> 
     </span>
     <span class='ocr_line' id='line_1_22' title="bbox 227 1273 1554 1327; baseline -0.006 -10"><span class='ocrx_word' id='word_1_120' title='bbox 227 1283 268 1317; x_wconf 88' lang='lat' dir='ltr'>et</span> <span class='ocrx_word' id='word_1_121' title='bbox 292 1277 526 1316; x_wconf 85' lang='lat' dir='ltr'>cubiculum</span> <span class='ocrx_word' id='word_1_122' title='bbox 555 1276 781 1327; x_wconf 85' lang='lat' dir='ltr'>porrigitur</span> <span class='ocrx_word' id='word_1_123' title='bbox 805 1275 848 1312; x_wconf 90' lang='lat' dir='ltr'>in</span> <span class='ocrx_word' id='word_1_124' title='bbox 876 1275 1014 1321; x_wconf 85' lang='lat' dir='ltr'>solem,</span> <span class='ocrx_word' id='word_1_125' title='bbox 1037 1286 1158 1324; x_wconf 80' lang='lat' dir='ltr'>quem</span> <span class='ocrx_word' id='word_1_126' title='bbox 1188 1274 1385 1311; x_wconf 87' lang='lat' dir='ltr'>orientem</span> <span class='ocrx_word' id='word_1_127' title='bbox 1415 1273 1554 1310; x_wconf 77' lang='lat' dir='ltr'>statim</span> 
     </span>
     <span class='ocr_line' id='line_1_23' title="bbox 227 1343 1555 1398; baseline -0.006 -12"><span class='ocrx_word' id='word_1_128' title='bbox 227 1352 446 1398; x_wconf 82' lang='lat' dir='ltr'>exceptum</span> <span class='ocrx_word' id='word_1_129' title='bbox 468 1347 580 1385; x_wconf 87' lang='lat' dir='ltr'>ultra</span> <span class='ocrx_word' id='word_1_130' title='bbox 605 1345 819 1384; x_wconf 86' lang='lat' dir='ltr'>meridiem</span> <span class='ocrx_word' id='word_1_131' title='bbox 846 1345 1022 1383; x_wconf 80' lang='lat' dir='ltr'>oblicum</span> <span class='ocrx_word' id='word_1_132' title='bbox 1043 1344 1207 1393; x_wconf 84' lang='lat' dir='ltr'>quidem</span> <span class='ocrx_word' id='word_1_133' title='bbox 1230 1343 1301 1381; x_wconf 90' lang='lat' dir='ltr'>sed</span> <span class='ocrx_word' id='word_1_134' title='bbox 1321 1347 1457 1380; x_wconf 89' lang='lat' dir='ltr'>tamen</span> <span class='ocrx_word' id='word_1_135' title='bbox 1479 1355 1555 1379; x_wconf 83' lang='lat' dir='ltr'>ser-</span> 
     </span>
     <span class='ocr_line' id='line_1_24' title="bbox 227 1411 1556 1464; baseline -0.006 -8"><span class='ocrx_word' id='word_1_136' title='bbox 227 1422 309 1457; x_wconf 82' lang='lat' dir='ltr'>vat.</span> <span class='ocrx_word' id='word_1_137' title='bbox 368 1418 420 1455; x_wconf 86' lang='lat' dir='ltr'>In</span> <span class='ocrx_word' id='word_1_138' title='bbox 448 1417 554 1455; x_wconf 88' lang='lat' dir='ltr'>hanc</span> <span class='ocrx_word' id='word_1_139' title='bbox 585 1429 658 1464; x_wconf 85' lang='lat' dir='ltr'>ego</span> <span class='ocrx_word' id='word_1_140' title='bbox 688 1416 868 1453; x_wconf 84' lang='lat' dir='ltr'>diaetam</span> <span class='ocrx_word' id='word_1_141' title='bbox 896 1427 988 1452; x_wconf 91' lang='lat' dir='ltr'>cum</span> <span class='ocrx_word' id='word_1_142' title='bbox 1018 1426 1080 1451; x_wconf 87' lang='lat' dir='ltr'>me</span> <span class='ocrx_word' id='word_1_143' title='bbox 1110 1413 1256 1462; x_wconf 72' lang='lat' dir='ltr'>recepi,</span> <span class='ocrx_word' id='word_1_144' title='bbox 1284 1413 1425 1451; x_wconf 85' lang='lat' dir='ltr'>abesse</span> <span class='ocrx_word' id='word_1_145' title='bbox 1454 1411 1556 1448; x_wconf 88' lang='lat' dir='ltr'>mihi</span> 
     </span>
     <span class='ocr_line' id='line_1_25' title="bbox 229 1482 1557 1533; baseline -0.007 -6"><span class='ocrx_word' id='word_1_146' title='bbox 229 1489 355 1527; x_wconf 87' lang='lat' dir='ltr'>etiam</span> <span class='ocrx_word' id='word_1_147' title='bbox 386 1500 410 1526; x_wconf 90' lang='lat' dir='ltr'>a</span> <span class='ocrx_word' id='word_1_148' title='bbox 439 1487 541 1525; x_wconf 88' lang='lat' dir='ltr'>villa</span> <span class='ocrx_word' id='word_1_149' title='bbox 571 1499 661 1524; x_wconf 89' lang='lat' dir='ltr'>mea</span> <span class='ocrx_word' id='word_1_150' title='bbox 690 1486 843 1532; x_wconf 73' lang='lat' dir='ltr'>videor,</span> <span class='ocrx_word' id='word_1_151' title='bbox 877 1496 1145 1533; x_wconf 87' lang='lat' dir='ltr'>magnamque</span> <span class='ocrx_word' id='word_1_152' title='bbox 1177 1483 1264 1520; x_wconf 88' lang='lat' dir='ltr'>eius</span> <span class='ocrx_word' id='word_1_153' title='bbox 1302 1482 1557 1531; x_wconf 81' lang='lat' dir='ltr'>voluptatem</span> 
     </span>
     <span class='ocr_line' id='line_1_26' title="bbox 230 1550 1557 1609; baseline -0.008 -12"><span class='ocrx_word' id='word_1_154' title='bbox 230 1558 448 1609; x_wconf 87' lang='lat' dir='ltr'>praecipue</span> <span class='ocrx_word' id='word_1_155' title='bbox 497 1555 784 1595; x_wconf 82' lang='lat' dir='ltr'>Saturnalibus</span> <span class='ocrx_word' id='word_1_156' title='bbox 833 1555 960 1604; x_wconf 73' lang='lat' dir='ltr'>capio,</span> <span class='ocrx_word' id='word_1_157' title='bbox 1000 1566 1091 1591; x_wconf 90' lang='lat' dir='ltr'>cum</span> <span class='ocrx_word' id='word_1_158' title='bbox 1129 1553 1289 1602; x_wconf 84' lang='lat' dir='ltr'>reliqua</span> <span class='ocrx_word' id='word_1_159' title='bbox 1325 1564 1419 1601; x_wconf 87' lang='lat' dir='ltr'>pars</span> <span class='ocrx_word' id='word_1_160' title='bbox 1458 1550 1557 1588; x_wconf 85' lang='lat' dir='ltr'>tecti</span> 
     </span>
     <span class='ocr_line' id='line_1_27' title="bbox 230 1624 1557 1674; baseline -0.007 -8"><span class='ocrx_word' id='word_1_161' title='bbox 230 1628 401 1666; x_wconf 87' lang='lat' dir='ltr'>licentia</span> <span class='ocrx_word' id='word_1_162' title='bbox 429 1627 590 1665; x_wconf 86' lang='lat' dir='ltr'>dierum</span> <span class='ocrx_word' id='word_1_163' title='bbox 619 1626 821 1674; x_wconf 85' lang='lat' dir='ltr'>festisque</span> <span class='ocrx_word' id='word_1_164' title='bbox 855 1624 1099 1661; x_wconf 84' lang='lat' dir='ltr'>clamoribus</span> <span class='ocrx_word' id='word_1_165' title='bbox 1122 1626 1334 1672; x_wconf 86' lang='lat' dir='ltr'>personat:</span> <span class='ocrx_word' id='word_1_166' title='bbox 1366 1633 1459 1658; x_wconf 84' lang='lat' dir='ltr'>nam</span> <span class='ocrx_word' id='word_1_167' title='bbox 1484 1633 1557 1657; x_wconf 85' lang='lat' dir='ltr'>nec</span> 
     </span>
     <span class='ocr_line' id='line_1_28' title="bbox 231 1692 1555 1749; baseline -0.008 -12"><span class='ocrx_word' id='word_1_168' title='bbox 231 1699 319 1749; x_wconf 90' lang='lat' dir='ltr'>ipse</span> <span class='ocrx_word' id='word_1_169' title='bbox 357 1710 539 1735; x_wconf 88' lang='lat' dir='ltr'>meorum</span> <span class='ocrx_word' id='word_1_170' title='bbox 577 1696 736 1734; x_wconf 90' lang='lat' dir='ltr'>lusibus</span> <span class='ocrx_word' id='word_1_171' title='bbox 771 1707 844 1731; x_wconf 87' lang='lat' dir='ltr'>nec</span> <span class='ocrx_word' id='word_1_172' title='bbox 878 1694 941 1730; x_wconf 92' lang='lat' dir='ltr'>illi</span> <span class='ocrx_word' id='word_1_173' title='bbox 981 1693 1130 1730; x_wconf 88' lang='lat' dir='ltr'>studiis</span> <span class='ocrx_word' id='word_1_174' title='bbox 1169 1692 1269 1729; x_wconf 91' lang='lat' dir='ltr'>meis</span> <span class='ocrx_word' id='word_1_175' title='bbox 1303 1692 1555 1740; x_wconf 88' lang='lat' dir='ltr'>obstrepunt.</span> 
     </span>
     <span class='ocr_line' id='line_1_29' title="bbox 232 1760 1559 1814; baseline -0.008 -8"><span class='ocrx_word' id='word_1_176' title='bbox 232 1769 347 1806; x_wconf 88' lang='lat' dir='ltr'>Haec</span> <span class='ocrx_word' id='word_1_177' title='bbox 367 1767 542 1814; x_wconf 79' lang='lat' dir='ltr'>utilitas,</span> <span class='ocrx_word' id='word_1_178' title='bbox 564 1766 664 1803; x_wconf 88' lang='lat' dir='ltr'>haec</span> <span class='ocrx_word' id='word_1_179' title='bbox 694 1764 919 1803; x_wconf 87' lang='lat' dir='ltr'>amoenitas</span> <span class='ocrx_word' id='word_1_180' title='bbox 948 1762 1139 1800; x_wconf 87' lang='lat' dir='ltr'>deficitur</span> <span class='ocrx_word' id='word_1_181' title='bbox 1164 1774 1269 1810; x_wconf 79' lang='lat' dir='ltr'>aqua</span> <span class='ocrx_word' id='word_1_182' title='bbox 1290 1760 1466 1807; x_wconf 77' lang='lat' dir='ltr'>salienti,</span> <span class='ocrx_word' id='word_1_183' title='bbox 1489 1760 1559 1798; x_wconf 88' lang='lat' dir='ltr'>sed</span> 
     </span>
     <span class='ocr_line' id='line_1_30' title="bbox 233 1831 1557 1888; baseline -0.009 -11"><span class='ocrx_word' id='word_1_184' title='bbox 233 1842 378 1888; x_wconf 87' lang='lat' dir='ltr'>puteos</span> <span class='ocrx_word' id='word_1_185' title='bbox 417 1850 462 1875; x_wconf 89' lang='lat' dir='ltr'>ac</span> <span class='ocrx_word' id='word_1_186' title='bbox 501 1837 640 1887; x_wconf 86' lang='lat' dir='ltr'>potius</span> <span class='ocrx_word' id='word_1_187' title='bbox 672 1835 809 1872; x_wconf 88' lang='lat' dir='ltr'>fontes</span> <span class='ocrx_word' id='word_1_188' title='bbox 848 1833 993 1871; x_wconf 89' lang='lat' dir='ltr'>habet:</span> <span class='ocrx_word' id='word_1_189' title='bbox 1039 1836 1135 1870; x_wconf 91' lang='lat' dir='ltr'>sunt</span> <span class='ocrx_word' id='word_1_190' title='bbox 1173 1831 1282 1868; x_wconf 90' lang='lat' dir='ltr'>enim</span> <span class='ocrx_word' id='word_1_191' title='bbox 1317 1831 1357 1867; x_wconf 92' lang='lat' dir='ltr'>in</span> <span class='ocrx_word' id='word_1_192' title='bbox 1389 1841 1557 1867; x_wconf 91' lang='lat' dir='ltr'>summo.</span> 
     </span>
     <span class='ocr_line' id='line_1_31' title="bbox 233 1899 1560 1950; baseline -0.009 -4"><span class='ocrx_word' id='word_1_193' title='bbox 233 1909 288 1946; x_wconf 87' lang='lat' dir='ltr'>Et</span> <span class='ocrx_word' id='word_1_194' title='bbox 318 1908 483 1946; x_wconf 90' lang='lat' dir='ltr'>omnino</span> <span class='ocrx_word' id='word_1_195' title='bbox 513 1906 646 1944; x_wconf 88' lang='lat' dir='ltr'>litoris</span> <span class='ocrx_word' id='word_1_196' title='bbox 681 1905 794 1942; x_wconf 90' lang='lat' dir='ltr'>illius</span> <span class='ocrx_word' id='word_1_197' title='bbox 834 1904 938 1940; x_wconf 92' lang='lat' dir='ltr'>mira</span> <span class='ocrx_word' id='word_1_198' title='bbox 967 1906 1132 1940; x_wconf 90' lang='lat' dir='ltr'>natura:</span> <span class='ocrx_word' id='word_1_199' title='bbox 1182 1911 1435 1950; x_wconf 79' lang='lat' dir='ltr'>quocumque</span> <span class='ocrx_word' id='word_1_200' title='bbox 1473 1899 1560 1935; x_wconf 89' lang='lat' dir='ltr'>loco</span> 
     </span>
    </p>
   </div>
   <div class='ocr_carea' id='block_1_8' title="bbox 235 1969 1623 2022">
    <p class='ocr_par' dir='ltr' id='par_1_8' title="bbox 235 1969 1623 2022">
     <span class='ocr_line' id='line_1_32' title="bbox 235 1969 1623 2022; baseline -0.008 -7"><span class='ocrx_word' id='word_1_201' title='bbox 235 1977 409 2015; x_wconf 79' lang='lat' dir='ltr'>moveris</span> <span class='ocrx_word' id='word_1_202' title='bbox 439 1977 622 2022; x_wconf 84' lang='lat' dir='ltr'>humum,</span> <span class='ocrx_word' id='word_1_203' title='bbox 645 1975 789 2012; x_wconf 84' lang='lat' dir='ltr'>obvius</span> <span class='ocrx_word' id='word_1_204' title='bbox 820 1977 860 2010; x_wconf 91' lang='lat' dir='ltr'>et</span> <span class='ocrx_word' id='word_1_205' title='bbox 890 1975 1059 2022; x_wconf 87' lang='lat' dir='ltr'>paratus</span> <span class='ocrx_word' id='word_1_206' title='bbox 1089 1983 1206 2008; x_wconf 91' lang='lat' dir='ltr'>umor</span> <span class='ocrx_word' id='word_1_207' title='bbox 1228 1969 1414 2016; x_wconf 76' lang='lat' dir='ltr'>occurrit,</span> <span class='ocrx_word' id='word_1_208' title='bbox 1445 1969 1560 2017; x_wconf 84' lang='lat' dir='ltr'>isque</span> <span class='ocrx_word' id='word_1_209' title='bbox 1589 1978 1623 2005; x_wconf 51' lang='grc' dir='ltr'>(ἵ</span> 
     </span>
    </p>
   </div>
   <div class='ocr_carea' id='block_1_9' title="bbox 236 2039 1566 2505">
    <p class='ocr_par' dir='ltr' id='par_1_9' title="bbox 236 2039 1566 2505">
     <span class='ocr_line' id='line_1_33' title="bbox 236 2039 1562 2093; baseline -0.008 -8"><span class='ocrx_word' id='word_1_210' title='bbox 236 2047 418 2085; x_wconf 87' lang='lat' dir='ltr'>sincerus</span> <span class='ocrx_word' id='word_1_211' title='bbox 445 2059 490 2084; x_wconf 92' lang='lat' dir='ltr'>ac</span> <span class='ocrx_word' id='word_1_212' title='bbox 519 2058 569 2083; x_wconf 91' lang='lat' dir='ltr'>ne</span> <span class='ocrx_word' id='word_1_213' title='bbox 597 2045 744 2082; x_wconf 88' lang='lat' dir='ltr'>leviter</span> <span class='ocrx_word' id='word_1_214' title='bbox 771 2043 934 2093; x_wconf 85' lang='lat' dir='ltr'>quidem</span> <span class='ocrx_word' id='word_1_215' title='bbox 959 2045 1077 2079; x_wconf 85' lang='lat' dir='ltr'>tanta</span> <span class='ocrx_word' id='word_1_216' title='bbox 1104 2041 1226 2078; x_wconf 70' lang='lat' dir='ltr'>maris</span> <span class='ocrx_word' id='word_1_217' title='bbox 1248 2039 1460 2076; x_wconf 77' lang='lat' dir='ltr'>vicinitate</span> <span class='ocrx_word' id='word_1_218' title='bbox 1482 2050 1562 2075; x_wconf 89' lang='lat' dir='ltr'>cor-</span> 
     </span>
     <span class='ocr_line' id='line_1_34' title="bbox 236 2108 1562 2167; baseline -0.009 -12"><span class='ocrx_word' id='word_1_219' title='bbox 236 2121 393 2167; x_wconf 87' lang='lat' dir='ltr'>ruptus.</span> <span class='ocrx_word' id='word_1_220' title='bbox 453 2116 688 2164; x_wconf 80' lang='lat' dir='ltr'>Suggerunt</span> <span class='ocrx_word' id='word_1_221' title='bbox 713 2113 887 2151; x_wconf 84' lang='lat' dir='ltr'>adfatim</span> <span class='ocrx_word' id='word_1_222' title='bbox 916 2111 1029 2160; x_wconf 85' lang='lat' dir='ltr'>ligna</span> <span class='ocrx_word' id='word_1_223' title='bbox 1050 2110 1258 2160; x_wconf 81' lang='lat' dir='ltr'>proximae</span> <span class='ocrx_word' id='word_1_224' title='bbox 1280 2108 1431 2146; x_wconf 79' lang='lat' dir='ltr'>silvae:</span> <span class='ocrx_word' id='word_1_225' title='bbox 1461 2112 1562 2144; x_wconf 82' lang='lat' dir='ltr'>cete-</span> 
     </span>
     <span class='ocr_line' id='line_1_35' title="bbox 236 2177 1559 2236; baseline -0.008 -12"><span class='ocrx_word' id='word_1_226' title='bbox 236 2199 302 2224; x_wconf 89' lang='lat' dir='ltr'>ras</span> <span class='ocrx_word' id='word_1_227' title='bbox 335 2186 472 2236; x_wconf 88' lang='lat' dir='ltr'>copias</span> <span class='ocrx_word' id='word_1_228' title='bbox 508 2184 713 2223; x_wconf 86' lang='lat' dir='ltr'>Ostiensis</span> <span class='ocrx_word' id='word_1_229' title='bbox 744 2183 904 2221; x_wconf 85' lang='lat' dir='ltr'>colonia</span> <span class='ocrx_word' id='word_1_230' title='bbox 942 2181 1160 2218; x_wconf 84' lang='lat' dir='ltr'>ministrat.</span> <span class='ocrx_word' id='word_1_231' title='bbox 1238 2178 1362 2226; x_wconf 76' lang='lat' dir='ltr'>Frugi</span> <span class='ocrx_word' id='word_1_232' title='bbox 1397 2177 1559 2226; x_wconf 85' lang='lat' dir='ltr'>quidem</span> 
     </span>
     <span class='ocr_line' id='line_1_36' title="bbox 236 2247 1561 2301; baseline -0.009 -7"><span class='ocrx_word' id='word_1_233' title='bbox 236 2256 395 2294; x_wconf 88' lang='lat' dir='ltr'>homini</span> <span class='ocrx_word' id='word_1_234' title='bbox 425 2255 575 2294; x_wconf 84' lang='lat' dir='ltr'>sufficit</span> <span class='ocrx_word' id='word_1_235' title='bbox 603 2254 725 2291; x_wconf 86' lang='lat' dir='ltr'>etiam</span> <span class='ocrx_word' id='word_1_236' title='bbox 752 2253 866 2289; x_wconf 75' lang='lat' dir='ltr'>vicus</span> <span class='ocrx_word' id='word_1_237' title='bbox 893 2263 1011 2301; x_wconf 82' lang='lat' dir='ltr'>quem</span> <span class='ocrx_word' id='word_1_238' title='bbox 1041 2263 1122 2287; x_wconf 92' lang='lat' dir='ltr'>una</span> <span class='ocrx_word' id='word_1_239' title='bbox 1149 2249 1250 2286; x_wconf 75' lang='lat' dir='ltr'>villa</span> <span class='ocrx_word' id='word_1_240' title='bbox 1270 2247 1488 2285; x_wconf 74' lang='lat' dir='ltr'>discernit:</span> <span class='ocrx_word' id='word_1_241' title='bbox 1521 2247 1561 2283; x_wconf 88' lang='lat' dir='ltr'>in</span> 
     </span>
     <span class='ocr_line' id='line_1_37' title="bbox 237 2316 1563 2368; baseline -0.01 -4"><span class='ocrx_word' id='word_1_242' title='bbox 237 2326 314 2364; x_wconf 79' lang='lat' dir='ltr'>hoc</span> <span class='ocrx_word' id='word_1_243' title='bbox 344 2326 509 2364; x_wconf 86' lang='lat' dir='ltr'>balinea</span> <span class='ocrx_word' id='word_1_244' title='bbox 540 2323 749 2361; x_wconf 80' lang='lat' dir='ltr'>meritoria.</span> <span class='ocrx_word' id='word_1_245' title='bbox 782 2322 875 2367; x_wconf 73' lang='lat' dir='ltr'>tria,</span> <span class='ocrx_word' id='word_1_246' title='bbox 906 2332 1053 2368; x_wconf 81' lang='lat' dir='ltr'>magna</span> <span class='ocrx_word' id='word_1_247' title='bbox 1082 2318 1360 2363; x_wconf 81' lang='lat' dir='ltr'>commoditas,</span> <span class='ocrx_word' id='word_1_248' title='bbox 1392 2316 1424 2353; x_wconf 83' lang='lat' dir='ltr'>si</span> <span class='ocrx_word' id='word_1_249' title='bbox 1457 2317 1563 2352; x_wconf 58' lang='lat' dir='ltr'>forn¹</span> 
     </span>
     <span class='ocr_line' id='line_1_38' title="bbox 238 2387 1565 2434; baseline -0.011 0"><span class='ocrx_word' id='word_1_250' title='bbox 238 2396 446 2434; x_wconf 85' lang='lat' dir='ltr'>balineum</span> <span class='ocrx_word' id='word_1_251' title='bbox 483 2394 593 2433; x_wconf 87' lang='lat' dir='ltr'>domi</span> <span class='ocrx_word' id='word_1_252' title='bbox 627 2393 692 2431; x_wconf 79' lang='lat' dir='ltr'>vel</span> <span class='ocrx_word' id='word_1_253' title='bbox 729 2392 888 2429; x_wconf 73' lang='lat' dir='ltr'>subitus</span> <span class='ocrx_word' id='word_1_254' title='bbox 923 2391 1125 2428; x_wconf 71' lang='lat' dir='ltr'>adventus</span> <span class='ocrx_word' id='word_1_255' title='bbox 1158 2388 1222 2425; x_wconf 75' lang='lat' dir='ltr'>vel</span> <span class='ocrx_word' id='word_1_256' title='bbox 1260 2387 1420 2424; x_wconf 76' lang='lat' dir='ltr'>brevior</span> <span class='ocrx_word' id='word_1_257' title='bbox 1455 2398 1565 2422; x_wconf 77' lang='lat' dir='ltr'>mora</span> 
     </span>
     <span class='ocr_line' id='line_1_39' title="bbox 240 2455 1566 2505; baseline -0.009 -2"><span class='ocrx_word' id='word_1_258' title='bbox 240 2466 440 2504; x_wconf 81' lang='lat' dir='ltr'>calfacere</span> <span class='ocrx_word' id='word_1_259' title='bbox 471 2464 719 2503; x_wconf 88' lang='lat' dir='ltr'>dissuadeat.</span> <span class='ocrx_word' id='word_1_260' title='bbox 778 2462 897 2499; x_wconf 86' lang='lat' dir='ltr'>Litus</span> <span class='ocrx_word' id='word_1_261' title='bbox 928 2463 1075 2497; x_wconf 86' lang='lat' dir='ltr'>ornant</span> <span class='ocrx_word' id='word_1_262' title='bbox 1104 2458 1303 2495; x_wconf 73' lang='lat' dir='ltr'>varietate</span> <span class='ocrx_word' id='word_1_263' title='bbox 1334 2455 1566 2505; x_wconf 82' lang='lat' dir='ltr'>gratissima</span> 
     </span>
    </p>
   </div>
   <div class='ocr_carea' id='block_1_10' title="bbox 1573 582 1590 610">
    <p class='ocr_par' dir='ltr' id='par_1_10' title="bbox 1573 582 1590 610">
     <span class='ocr_line' id='line_1_40' title="bbox 1573 582 1590 610; textangle 90"><span class='ocrx_word' id='word_1_264' title='bbox 1573 582 1590 610; x_wconf 64' lang='lat'>01</span> 
     </span>
    </p>
   </div>
   <div class='ocr_carea' id='block_1_11' title="bbox 1580 931 1615 959">
    <p class='ocr_par' dir='ltr' id='par_1_11' title="bbox 1580 931 1615 959">
     <span class='ocr_line' id='line_1_41' title="bbox 1580 931 1615 959; baseline 0 0"><span class='ocrx_word' id='word_1_265' title='bbox 1580 931 1615 959; x_wconf 88' lang='grc'>10</span> 
     </span>
    </p>
   </div>
   <div class='ocr_carea' id='block_1_12' title="bbox 1584 1282 1619 1309">
    <p class='ocr_par' dir='ltr' id='par_1_12' title="bbox 1584 1282 1619 1309">
     <span class='ocr_line' id='line_1_42' title="bbox 1584 1282 1619 1309; baseline 0 0"><span class='ocrx_word' id='word_1_266' title='bbox 1584 1282 1619 1309; x_wconf 80' lang='grc'>15</span> 
     </span>
    </p>
   </div>
   <div class='ocr_carea' id='block_1_13' title="bbox 1586 1628 1623 1655">
    <p class='ocr_par' dir='ltr' id='par_1_13' title="bbox 1586 1628 1623 1655">
     <span class='ocr_line' id='line_1_43' title="bbox 1586 1628 1623 1655; baseline -0.081 0"><span class='ocrx_word' id='word_1_267' title='bbox 1586 1628 1623 1655; x_wconf 73' lang='lat'>‘20</span> 
     </span>
    </p>
   </div>
   <div class='ocr_carea' id='block_1_14' title="bbox 1593 2328 1629 2353">
    <p class='ocr_par' dir='ltr' id='par_1_14' title="bbox 1593 2328 1629 2353">
     <span class='ocr_line' id='line_1_44' title="bbox 1593 2328 1629 2353; baseline -0.083 0"><span class='ocrx_word' id='word_1_268' title='bbox 1593 2328 1629 2353; x_wconf 71' lang='lat'>23«)</span> 
     </span>
    </p>
   </div>
  </div>
 </body>
</html>
