1859 2828
177 973 212 1001 10

174 1686 210 1713 15

243 206 297 248 64
814 214 851 247 0.
883 215 1016 247 PLINI

240 329 414 378 tissime,
437 342 529 368 cum
549 330 688 368 onmia
708 342 759 367 ex
779 329 952 369 consilio
973 321 1273 381 sapientissimi
1290 331 1368 369 viri
1390 332 1579 370 facerem.

241 400 350 445 Quin
378 400 503 438 etiam
530 400 708 438 moriens
736 387 858 438 filiae*
875 413 984 449 suae,
1010 405 1057 438 ut
1084 400 1176 451 ipsa
1200 401 1305 440 solet
1332 402 1579 452 praedicare,

243 470 417 508 ‘multos
439 470 609 520 quidem
629 470 780 509 amicos
804 470 882 509 tibi
902 474 950 509 ut
974 471 1158 520 longiore
1178 472 1266 510 vita
1293 472 1448 522 paravi,
1471 485 1582 522 prae-

242 540 386 590 cipuos
408 544 547 578 tamen
570 541 803 579 Secundum
825 545 866 579 et
891 542 1145 580 Cornutum.'
1202 543 1321 587 Quod
1341 555 1433 580 011111
1454 555 1581 582 recor-

243 611 327 658 dor,
350 611 548 660 intellego
570 611 672 648 mihi
698 611 970 650 laborandum
991 624 1042 650 ne
1063 624 1145 662 qua
1168 616 1284 662 parte
1306 613 1448 662 videar
1474 614 1581 653 hanc
1610 623 1646 651 10

242 681 292 719 de
322 694 386 719 me
416 681 612 719 fiduciam
642 682 1001 732 providentissimi
1028 682 1108 720 viri
1139 682 1389 722 destituisse.
1448 684 1580 730 Quare
1610 696 1644 724 11

242 764 316 800 ego
332 764 429 789 vero
446 752 649 791 Corelliae
670 753 794 790 adero
816 752 1126 803 promptissime
1147 765 1220 791 nec
1243 753 1380 792 subire
1401 754 1580 794 offensas

242 823 460 860 recusabo:
493 834 744 872 quamquam
764 836 847 860 non
869 823 1002 861 solum
1021 823 1187 861 veniam
1208 836 1271 861 me
1294 836 1436 862 verum
1455 825 1581 863 etiam

241 892 408 931 laudem
429 893 539 942 apud
560 893 687 931 istum
713 893 851 943 ipsum
871 906 895 931 a
915 906 1007 943 quo,
1028 898 1075 931 ut
1097 894 1170 942 ais,
1192 907 1300 932 nova
1322 894 1374 932 lis
1402 894 1580 933 fortasse

241 967 287 1001 ut
326 963 505 1001 feminae
550 963 782 1001 intenditur
824 963 1001 1002 arbitror
1040 968 1366 1012 consecuturum,
1407 965 1442 1003 si
1479 965 1580 1003 haee

241 1033 385 1071 eadem
412 1034 455 1070 in
480 1033 653 1081 actione,
676 1034 802 1072 latius
831 1034 989 1072 scilicet
1016 1038 1057 1072 et
1083 1034 1250 1072 uberius
1278 1047 1401 1084 quam
1428 1035 1581 1085 epistu-

241 1104 374 1141 larum
404 1104 620 1151 angustiae
652 1104 807 1151 sinunt,
839 1104 904 1141 vel
938 1104 982 1141 in
1016 1105 1324 1143 excusationem
1353 1105 1419 1143 vel
1455 1106 1581 1144 etiam

241 1174 640 1212 commendationem
669 1187 802 1213 meam
832 1175 984 1212 dixero.
1044 1175 1158 1214 Vale.

774 1318 842 1356 51.
885 1316 1043 1369 (XIX.)

340 1423 380 1456 C.
414 1423 605 1455 PLINIUS
638 1423 952 1456 CALPURNIAE
988 1424 1262 1457 HISPULLAE
1297 1425 1423 1457 SUAE
1457 1425 1489 1458 S.

572 1514 616 1545 Pl
622 1514 680 1554 iny
691 1515 832 1554 praises
849 1515 905 1545 his
922 1515 1001 1555 wife
1019 1518 1053 1547 co
1071 1515 1134 1546 her
1150 1519 1248 1547 (ιῑιηι.

293 1603 397 1641 Cum
438 1602 493 1641 sis
528 1602 699 1652 pietatis
739 1603 975 1652 exemplum
1009 1603 1266 1653 fratremque
1298 1605 1501 1654 optimum
1536 1608 1578 1643 et
1607 1610 1622 1638 1

239 1672 573 1711 amantissimum
603 1673 664 1710 tui
695 1673 786 1722 pari
817 1673 992 1711 caritate
1025 1673 1221 1712 dilexeris
1246 1674 1458 1724 filiamque
1489 1674 1576 1713 eius

239 1746 285 1780 111
305 1747 421 1780 tuam
453 1743 604 1791 diligas
636 1755 710 1781 neo
742 1747 905 1781 tantum
938 1743 1089 1781 amitae
1121 1744 1158 1781 ei
1190 1744 1400 1782 adfectum
1433 1757 1576 1782 verum

239 1813 364 1851 etiam
386 1814 516 1863 patris
538 1813 679 1851 amissi
702 1817 997 1863 repraesentes,
1019 1827 1100 1851 non
1132 1814 1277 1852 dubito
1298 1815 1477 1852 maximo
1498 1815 1576 1853 tibi

239 1883 390 1932 gaudio
424 1883 525 1931 fore,
558 1896 651 1921 cum
683 1884 923 1931 cognoveris
952 1884 1119 1933 dignam
1153 1888 1282 1934 patre,
1316 1885 1483 1933 dignam
1522 1889 1574 1933 te,

239 1954 407 2002 dignam
438 1966 514 1991 avo
544 1954 728 1991 evadere.
789 1954 1002 1991 Summum
1027 1958 1089 1991 est
1112 1967 1293 1999 acumen,
1316 1968 1475 1993 summa
1494 1955 1577 1992 fru-
1604 1963 1621 1991 2

239 2024 409 2072 galitas:
442 2027 553 2061 amat
574 2037 648 2069 me,
672 2024 781 2073 quod
810 2024 1018 2062 castitatis
1039 2024 1240 2062 indicium
1270 2028 1343 2063 est.
1403 2025 1576 2063 Accedit

239 2094 305 2131 his
338 2093 521 2131 studium
555 2093 800 2136 litterarum.
833 2095 943 2143 quod
975 2107 1025 2131 ex
1059 2094 1139 2131 mei
1171 2095 1343 2132 caritate
1373 2095 1571 2145 concepit.

240 2165 355 2202 Meos
395 2164 559 2202 libellos
599 2164 735 2205 halwt,
776 2165 949 2212 lectitat,
984 2165 1132 2202 ediscit
1170 2165 1306 2202 etiam.
1376 2166 1464 2210 Qua
1502 2165 1575 2204 illa
1602 2174 1621 2201 3

239 2234 534 2281 sollicitudine,
552 2247 642 2271 cum
668 2234 808 2271 videor
829 2239 1007 2281 acturus,
1030 2239 1196 2284 quanto,
1219 2248 1309 2272 (rum
1331 2235 1407 2283 egi,
1426 2235 1574 2283 gaudio

238 2304 452 2341 adiicitur!
512 2304 707 2353 Disponit
746 2305 814 2354 qui
849 2305 1043 2342 nuntient
1075 2304 1153 2343 sibi
1187 2318 1308 2354 quem
1339 2306 1571 2353 adsensum,

183 2389 189 2402 ›
238 2388 339 2423 quos
362 2374 560 2412 clarum-cs
583 2375 810 2421 excitarim,
834 2388 954 2424 quem
988 2380 1181 2412 eventum
1216 2376 1356 2413 iudicii
1391 2376 1569 2413 tulerim.

240 2444 406 2491 Eadem,
431 2444 461 2481 si
485 2445 650 2494 quando
681 2445 819 2487 recito,
842 2445 883 2482 in
906 2445 1093 2495 proximo
1124 2445 1304 2484 discreta
1333 2445 1426 2483 volo
1458 2447 1572 2483 sedet

238 2515 462 2564 laudesque
502 2519 664 2553 nostras
697 2515 952 2554 avidissimis
985 2516 1153 2553 auribus
1192 2515 1358 2566 excipit.
1418 2517 1571 2555 Versus
1599 2524 1617 2551 4
